{"gold_per_floor":[109,109,109,121,135,163,163,173,173,348,348,363,374,299,299,395,395,405,330,330,347,347,372,392,392,460,460,23,69,85,105,105,204,204,223,273,273,273,286,286,319,319,391,417,434,450,450,450,450,450,450,450,47,73,73],"floor_reached":56,"playtime":2287,"items_purged":["Doubt"],"score":1275,"play_id":"3545d954-1136-443b-8d57-e9f034088557","local_time":"20191108213423","is_ascension_mode":false,"campfire_choices":[{"floor":7.0,"key":"REST"},{"data":"Zap","floor":11.0,"key":"SMITH"},{"data":"Rainbow","floor":15.0,"key":"SMITH"},{"floor":25.0,"key":"REST"},{"floor":32.0,"key":"RECALL"},{"data":"Normality","floor":40.0,"key":"PURGE"},{"data":"Strike_B","floor":42.0,"key":"PURGE"},{"floor":47,"key":"REST"},{"floor":49,"key":"REST"},{"data":"Defend_B","floor":52,"key":"PURGE"}],"neow_cost":"CURSE","seed_source_timestamp":3644450108813004,"circlet_count":0,"master_deck":["Defend_B+1","Defend_B","Defend_B","Zap+1","Dualcast","Capacitor+1","Rainbow+1","Lockon+1","Multi-Cast+1","Turbo","Electrodynamics","Steam Power","Consume+1","Glacier+1","Redo","Enlightenment","Undo","Redo+1","Steam","BootSequence+1","Go for the Eyes+1","Capacitor+1"],"special_seed":0,"relics":["Cracked Core","CaptainsWheel","Pen Nib","Molten Egg 2","Fusion Hammer","Lizard Tail","HornCleat","War Paint","Torii","Bag of Preparation","Velvet Choker","Peace Pipe","Incense Burner","Centennial Puzzle","Chemical X","Happy Flower","Toy Ornithopter"],"potions_floor_usage":[44,55,55,55],"damage_taken":[{"damage":4.0,"enemies":"Small Slimes","floor":1.0,"turns":4.0},{"damage":1.0,"enemies":"Jaw Worm","floor":4.0,"turns":3.0},{"damage":1.0,"enemies":"Cultist","floor":5.0,"turns":3.0},{"damage":59.0,"enemies":"Gremlin Nob","floor":6.0,"turns":7.0},{"damage":0.0,"enemies":"2 Fungi Beasts","floor":8.0,"turns":4.0},{"damage":6.0,"enemies":"3 Louse","floor":12.0,"turns":3.0},{"damage":6.0,"enemies":"Exordium Thugs","floor":13.0,"turns":6.0},{"damage":17.0,"enemies":"The Guardian","floor":16.0,"turns":7.0},{"damage":4.0,"enemies":"Chosen","floor":18.0,"turns":5.0},{"damage":0.0,"enemies":"Spheric Guardian","floor":21.0,"turns":3.0},{"damage":28.0,"enemies":"Slavers","floor":23.0,"turns":4.0},{"damage":16.0,"enemies":"Centurion and Healer","floor":24.0,"turns":5.0},{"damage":0.0,"enemies":"Snecko","floor":30.0,"turns":5.0},{"damage":1.0,"enemies":"Shelled Parasite and Fungi","floor":31.0,"turns":6.0},{"damage":0.0,"enemies":"Champ","floor":33.0,"turns":10.0},{"damage":0.0,"enemies":"3 Shapes","floor":35.0,"turns":1.0},{"damage":34.0,"enemies":"2 Orb Walkers","floor":36.0,"turns":3.0},{"damage":0.0,"enemies":"Orb Walker","floor":39.0,"turns":4.0},{"damage":8.0,"enemies":"Giant Head","floor":41.0,"turns":9.0},{"damage":25,"enemies":"Reptomancer","floor":44,"turns":4},{"damage":0,"enemies":"3 Darklings","floor":45,"turns":4},{"damage":0,"enemies":"Sphere and 2 Shapes","floor":46,"turns":3},{"damage":13,"enemies":"Donu and Deca","floor":50,"turns":9},{"damage":13,"enemies":"Shield and Spear","floor":54,"turns":7},{"damage":28,"enemies":"The Heart","floor":55,"turns":10}],"seed_played":"-7920931887686598142","potions_obtained":[{"floor":6.0,"key":"Fire Potion"},{"floor":13.0,"key":"FearPotion"},{"floor":16.0,"key":"SneckoOil"},{"floor":18.0,"key":"EssenceOfSteel"},{"floor":31.0,"key":"ColorlessPotion"},{"floor":33.0,"key":"SpeedPotion"},{"floor":35.0,"key":"Fruit Juice"},{"floor":36.0,"key":"LiquidBronze"},{"floor":39.0,"key":"Block Potion"},{"floor":46,"key":"Strength Potion"},{"floor":54,"key":"SkillPotion"}],"is_trial":false,"path_per_floor":["M","?","?","M","M","E","R","M","T","?","R","M","M","$","R","B",null,"M","?","?","M","?","E","M","R","T","?","$","T","M","M","R","B",null,"M","?","?","?","M","R","E","R","T","E","M","M","R","?","R","B",null,"R","$","E","B",null],"character_chosen":"DEFECT","items_purchased":["War Paint","Torii","Chemical X","Happy Flower","SmokeBomb"],"campfire_rested":4,"item_purchase_floors":[28,28,53,53,53],"current_hp_per_floor":[71,56,75,74,73,14,36,36,36,36,36,30,24,24,24,7,75,71,71,71,71,71,43,27,49,49,74,74,74,74,73,73,73,75,80,46,46,46,46,46,38,38,38,13,13,13,37,37,61,48,80,80,80,67,52],"gold":73,"neow_bonus":"ONE_RARE_RELIC","is_prod":false,"is_daily":false,"chose_seed":false,"campfire_upgraded":2,"win_rate":0,"timestamp":1573230863,"path_taken":["M","?","?","?","M","E","R","M","T","?","R","M","M","$","R","BOSS","M","?","?","?","?","E","M","R","T","?","$","?","?","M","R","BOSS","M","?","?","?","M","R","E","R","T","E","M","M","R","?","R","BOSS","R","$","E","BOSS"],"build_version":"2019-10-30","purchased_purges":1,"victory":true,"max_hp_per_floor":[75,75,75,75,75,75,75,75,75,75,75,75,75,75,75,75,75,75,75,75,75,75,75,75,75,75,75,75,75,75,75,75,75,75,80,80,80,80,80,80,80,80,80,80,80,80,80,80,80,80,80,80,80,80,80],"card_choices":[{"not_picked":["Gash","Stack"],"picked":"Capacitor","floor":1.0},{"not_picked":["Beam Cell","Go for the Eyes","Scrape"],"picked":"SKIP","floor":4.0},{"not_picked":["Sunder","Go for the Eyes","Beam Cell"],"picked":"SKIP","floor":5.0},{"not_picked":["Gash","Fusion","Darkness"],"picked":"SKIP","floor":6.0},{"not_picked":["Beam Cell","Turbo","Loop"],"picked":"SKIP","floor":8.0},{"not_picked":["Double Energy","Conserve Battery"],"picked":"Rainbow","floor":12.0},{"not_picked":["Compile Driver+1","Auto Shields"],"picked":"Lockon+1","floor":13.0},{"not_picked":["Rainbow","All For One+1"],"picked":"Multi-Cast","floor":16.0},{"not_picked":["Hologram","Beam Cell+1"],"picked":"Turbo","floor":18.0},{"not_picked":["Sweeping Beam+1","Steam","Heatsinks"],"picked":"SKIP","floor":21.0},{"not_picked":["Cold Snap+1","Force Field"],"picked":"Consume+1","floor":23.0},{"not_picked":["Double Energy","Leap"],"picked":"Glacier","floor":24.0},{"not_picked":["Leap","Heatsinks+1","Steam"],"picked":"SKIP","floor":30.0},{"not_picked":["Rip and Tear+1","Leap+1"],"picked":"Redo","floor":31.0},{"not_picked":["Rainbow","Amplify"],"picked":"Biased Cognition","floor":33.0},{"not_picked":["Lockon+1","Steam","Ball Lightning+1"],"picked":"SKIP","floor":35.0},{"not_picked":["Mind Blast+1","Purity"],"picked":"Enlightenment","floor":38.0},{"not_picked":["Go for the Eyes+1","Loop+1"],"picked":"Undo","floor":39.0},{"not_picked":["Electrodynamics","Beam Cell+1"],"picked":"Redo+1","floor":41.0},{"not_picked":["Conserve Battery+1","Ball Lightning+1"],"picked":"Steam","floor":44},{"not_picked":["Undo+1","Ball Lightning+1"],"picked":"BootSequence+1","floor":45},{"not_picked":["FTL+1","Tempest+1"],"picked":"Go for the Eyes+1","floor":46},{"not_picked":["Gash+1","Electrodynamics","Coolheaded+1"],"picked":"SKIP","floor":54}],"player_experience":42467,"relics_obtained":[{"floor":6.0,"key":"Pen Nib"},{"floor":9.0,"key":"Molten Egg 2"},{"floor":23.0,"key":"Lizard Tail"},{"floor":26.0,"key":"HornCleat"},{"floor":29.0,"key":"Bag of Preparation"},{"floor":36.0,"key":"Peace Pipe"},{"floor":41.0,"key":"Incense Burner"},{"floor":44,"key":"Centennial Puzzle"},{"floor":54,"key":"Toy Ornithopter"}],"event_choices":[{"damage_healed":0.0,"max_hp_gain":0.0,"max_hp_loss":0.0,"gold_gain":0.0,"event_name":"Shining Light","player_choice":"Entered Light","floor":2.0,"gold_loss":0.0,"damage_taken":15.0,"cards_upgraded":["Capacitor","Defend_B"]},{"damage_healed":19.0,"max_hp_gain":0.0,"max_hp_loss":0.0,"gold_gain":0.0,"event_name":"Wheel of Change","player_choice":"Full Heal","floor":3.0,"gold_loss":0.0,"damage_taken":0.0},{"damage_healed":0.0,"max_hp_gain":0.0,"max_hp_loss":0.0,"gold_gain":175.0,"event_name":"Liars Game","player_choice":"AGREE","floor":10.0,"gold_loss":0.0,"damage_taken":0.0,"cards_obtained":["Doubt"]},{"cards_removed":["Strike_B"],"damage_healed":0.0,"max_hp_gain":0.0,"max_hp_loss":0.0,"gold_gain":0.0,"event_name":"Beggar","player_choice":"Gave Gold","floor":19.0,"gold_loss":75.0,"damage_taken":0.0},{"damage_healed":0.0,"max_hp_gain":0.0,"max_hp_loss":0.0,"gold_gain":0.0,"event_name":"Ghosts","player_choice":"Ignored","floor":20.0,"gold_loss":0.0,"damage_taken":0.0},{"damage_healed":0.0,"max_hp_gain":0.0,"max_hp_loss":0.0,"gold_gain":0.0,"cards_transformed":["Strike_B","Strike_B"],"event_name":"Drug Dealer","player_choice":"Became Test Subject","floor":22.0,"gold_loss":0.0,"damage_taken":0.0,"cards_obtained":["Electrodynamics","Steam Power"]},{"damage_healed":25.0,"max_hp_gain":0.0,"max_hp_loss":0.0,"gold_gain":0.0,"event_name":"The Library","player_choice":"Heal","floor":27.0,"gold_loss":0.0,"damage_taken":0.0},{"damage_healed":0.0,"max_hp_gain":0.0,"max_hp_loss":0.0,"gold_gain":0.0,"event_name":"Mysterious Sphere","player_choice":"Fight","floor":36.0,"gold_loss":0.0,"damage_taken":0.0},{"cards_removed":["Biased Cognition"],"damage_healed":0.0,"max_hp_gain":0.0,"max_hp_loss":0.0,"gold_gain":0.0,"event_name":"Falling","player_choice":"Removed Power","floor":37.0,"gold_loss":0.0,"damage_taken":0.0},{"damage_healed":0.0,"max_hp_gain":0.0,"max_hp_loss":0.0,"gold_gain":0.0,"event_name":"SensoryStone","player_choice":"Memory 1","floor":38.0,"gold_loss":0.0,"damage_taken":0.0},{"damage_healed":0,"gold_gain":0,"player_choice":"Copied","damage_taken":0,"max_hp_gain":0,"max_hp_loss":0,"event_name":"Duplicator","floor":48,"gold_loss":0,"cards_obtained":["Capacitor"]}],"is_beta":true,"boss_relics":[{"not_picked":["Philosopher\u0027s Stone","Ectoplasm"],"picked":"Fusion Hammer"},{"not_picked":["SacredBark","Sozu"],"picked":"Velvet Choker"}],"items_purged_floors":[14],"is_endless":false,"potions_floor_spawned":[6,13,16,18,31,33,35,36,39,46,54],"ascension_level":0}