{"gold_per_floor":[116,128,146,146,160,160,160,173,173,204,223,240,240,240],"floor_reached":14,"playtime":435,"items_purged":[],"score":106,"play_id":"88ea26da-76c2-44da-b187-d6bc2f9d96cc","local_time":"20191123190318","is_ascension_mode":true,"campfire_choices":[{"data":"Chaos","floor":6,"key":"SMITH"}],"neow_cost":"NONE","seed_source_timestamp":881530938973995,"circlet_count":0,"master_deck":["Strike_B","Strike_B","Defend_B","Defend_B","Defend_B","Defend_B","Zap+1","Dualcast","Genetic Algorithm","Chaos+1","Coolheaded","Seek"],"relics":["Cracked Core","Gambling Chip","Bottled Lightning"],"potions_floor_usage":[13,13,13],"damage_taken":[{"damage":1,"enemies":"Cultist","floor":1,"turns":3},{"damage":2,"enemies":"Jaw Worm","floor":2,"turns":3},{"damage":7,"enemies":"Small Slimes","floor":3,"turns":3},{"damage":9,"enemies":"Blue Slaver","floor":5,"turns":5},{"damage":1,"enemies":"Looter","floor":8,"turns":3},{"damage":25,"enemies":"Lagavulin","floor":10,"turns":6},{"damage":3,"enemies":"Exordium Thugs","floor":11,"turns":4},{"damage":2,"enemies":"2 Fungi Beasts","floor":12,"turns":3},{"damage":10,"enemies":"Gremlin Gang","floor":13,"turns":3},{"damage":1,"enemies":"Lots of Slimes","floor":14,"turns":1}],"seed_played":"7533424391639970110","potions_obtained":[{"floor":2,"key":"LiquidMemories"},{"floor":3,"key":"Swift Potion"},{"floor":5,"key":"SmokeBomb"}],"is_trial":false,"path_per_floor":["M","M","M","?","M","R","?","M","T","E","M","M","M","M"],"character_chosen":"DEFECT","items_purchased":[],"campfire_rested":0,"item_purchase_floors":[],"current_hp_per_floor":[74,72,65,65,56,56,56,55,55,30,27,25,15,14],"gold":240,"neow_bonus":"REMOVE_CARD","is_prod":false,"is_daily":false,"chose_seed":false,"campfire_upgraded":1,"win_rate":0,"timestamp":1574517798,"path_taken":["M","M","M","?","?","R","?","M","T","E","?","M","?","M"],"build_version":"2019-10-30","purchased_purges":0,"victory":false,"max_hp_per_floor":[75,75,75,75,75,75,75,75,75,75,75,75,75,75],"card_choices":[{"not_picked":["Rebound","Steam","Rip and Tear"],"picked":"SKIP","floor":1},{"not_picked":["FTL","White Noise"],"picked":"Genetic Algorithm","floor":2},{"not_picked":["Sweeping Beam","Rebound","Beam Cell"],"picked":"SKIP","floor":3},{"not_picked":["Barrage","Static Discharge","Tempest"],"picked":"SKIP","floor":5},{"not_picked":["Hologram","Beam Cell","Redo"],"picked":"SKIP","floor":8},{"not_picked":["Skim","Stack","Conserve Battery"],"picked":"SKIP","floor":10},{"not_picked":["Double Energy","Conserve Battery"],"picked":"Coolheaded","floor":11},{"not_picked":["Stack","Beam Cell"],"picked":"Seek","floor":12}],"player_experience":84710,"relics_obtained":[{"floor":9,"key":"Gambling Chip"},{"floor":10,"key":"Bottled Lightning"}],"event_choices":[{"damage_healed":0,"gold_gain":0,"cards_transformed":["Strike_B"],"player_choice":"Transformed","damage_taken":0,"max_hp_gain":0,"max_hp_loss":0,"event_name":"Transmorgrifier","floor":4,"gold_loss":0,"cards_obtained":["Chaos"]},{"damage_healed":0,"gold_gain":0,"player_choice":"Upgraded","damage_taken":0,"max_hp_gain":0,"max_hp_loss":0,"event_name":"Upgrade Shrine","floor":7,"gold_loss":0,"cards_upgraded":["Zap"]}],"is_beta":true,"boss_relics":[],"items_purged_floors":[],"is_endless":false,"potions_floor_spawned":[2,3,5,13],"killed_by":"Lots of Slimes","ascension_level":2}