{"gold_per_floor":[109,109,109,109,123,150,150,162,162,179,179,191,224,234,234,234],"floor_reached":16,"playtime":3643,"items_purged":[],"score":151,"play_id":"a70a8847-1e58-4ab7-bfa5-9de3bbff27a5","local_time":"20191125015043","is_ascension_mode":true,"campfire_choices":[{"data":"Zap","floor":7,"key":"SMITH"},{"floor":15,"key":"REST"}],"neow_cost":"NONE","seed_source_timestamp":989174220142006,"circlet_count":0,"master_deck":["Strike_B","Strike_B","Defend_B","Defend_B","Defend_B","Defend_B","Zap+1","Dualcast","Gash","Double Energy","Steam","Defragment"],"relics":["Cracked Core","NeowsBlessing","The Courier","Peace Pipe","FaceOfCleric","Potion Belt"],"potions_floor_usage":[6,10,14],"damage_taken":[{"damage":0,"enemies":"2 Louse","floor":1,"turns":1},{"damage":0,"enemies":"Small Slimes","floor":5,"turns":1},{"damage":0,"enemies":"3 Sentries","floor":6,"turns":1},{"damage":1,"enemies":"Cultist","floor":8,"turns":4},{"damage":35,"enemies":"Gremlin Gang","floor":10,"turns":5},{"damage":5,"enemies":"Blue Slaver","floor":12,"turns":4},{"damage":26,"enemies":"Lagavulin","floor":13,"turns":7},{"damage":6,"enemies":"Lots of Slimes","floor":14,"turns":3},{"damage":30,"enemies":"Hexaghost","floor":16,"turns":9}],"seed_played":"-6940557807008783589","potions_obtained":[{"floor":5,"key":"ColorlessPotion"},{"floor":8,"key":"ColorlessPotion"},{"floor":10,"key":"ColorlessPotion"},{"floor":13,"key":"Fire Potion"}],"is_trial":false,"path_per_floor":["M","$","?","?","M","E","R","M","T","M","?","M","E","M","R","B"],"character_chosen":"DEFECT","items_purchased":[],"campfire_rested":1,"item_purchase_floors":[],"current_hp_per_floor":[75,75,75,75,75,75,75,74,74,39,39,35,10,5,28,0],"gold":234,"neow_bonus":"THREE_ENEMY_KILL","is_prod":false,"is_daily":false,"chose_seed":false,"campfire_upgraded":1,"win_rate":0,"timestamp":1574628643,"path_taken":["M","$","?","?","?","E","R","M","T","?","?","?","E","M","R","BOSS"],"build_version":"2019-10-30","purchased_purges":0,"victory":false,"max_hp_per_floor":[75,75,75,75,75,75,75,75,75,75,75,76,77,78,78,78],"card_choices":[{"not_picked":["Stack","Redo"],"picked":"Gash","floor":1},{"not_picked":["Compile Driver","Coolheaded"],"picked":"Double Energy","floor":5},{"not_picked":["Hologram","Multi-Cast"],"picked":"Steam","floor":6},{"not_picked":["Rebound","White Noise","Coolheaded"],"picked":"SKIP","floor":8},{"not_picked":["Beam Cell","Sweeping Beam","Aggregate"],"picked":"SKIP","floor":10},{"not_picked":["Steam","Sweeping Beam","Compile Driver"],"picked":"SKIP","floor":12},{"not_picked":["Sweeping Beam","Chaos","Steam Power"],"picked":"SKIP","floor":13},{"not_picked":["Coolheaded","Double Energy"],"picked":"Defragment","floor":14}],"player_experience":92409,"relics_obtained":[{"floor":6,"key":"The Courier"},{"floor":9,"key":"Peace Pipe"},{"floor":13,"key":"Potion Belt"}],"event_choices":[{"cards_removed":["Strike_B"],"damage_healed":0,"gold_gain":0,"player_choice":"Forget","damage_taken":0,"max_hp_gain":0,"max_hp_loss":0,"event_name":"Living Wall","floor":3,"gold_loss":0},{"cards_removed":["Strike_B"],"damage_healed":0,"gold_gain":0,"player_choice":"Purged","damage_taken":0,"max_hp_gain":0,"max_hp_loss":0,"event_name":"Purifier","floor":4,"gold_loss":0},{"damage_healed":0,"gold_gain":0,"player_choice":"Trade","damage_taken":0,"relics_obtained":["FaceOfCleric"],"max_hp_gain":0,"max_hp_loss":0,"event_name":"FaceTrader","floor":11,"gold_loss":0}],"is_beta":true,"boss_relics":[],"items_purged_floors":[],"is_endless":false,"potions_floor_spawned":[5,8,10,13],"killed_by":"Hexaghost","ascension_level":2}