{"gold_per_floor":[118,128,128,128,153,153,179,179,226,247,21,21,40,59,59,189,189,207,223,322,17,32,32,73,73,73,73,20,20,20,40,40,170,170,186,186,41,0,333,333,352,352,379,73,73,20,40,72,72,72],"floor_reached":51,"playtime":1510,"items_purged":["Strike_B"],"score":961,"play_id":"8f0a7e67-e6d1-4a7d-89a7-fef5ebbd0d41","local_time":"20191220223007","is_ascension_mode":true,"campfire_choices":[{"data":"Dualcast","floor":6,"key":"SMITH"},{"floor":8,"key":"REST"},{"floor":15,"key":"REST"},{"floor":23,"key":"REST"},{"floor":25,"key":"REST"},{"data":"Zap","floor":27,"key":"SMITH"},{"data":"Rainbow","floor":29,"key":"SMITH"},{"data":"Consume","floor":32,"key":"SMITH"},{"data":"Lockon","floor":40,"key":"SMITH"},{"floor":42,"key":"REST"},{"data":"Thunder Strike","floor":45,"key":"SMITH"},{"data":"Coolheaded","floor":49,"key":"SMITH"}],"neow_cost":"NONE","seed_source_timestamp":180248528071355,"circlet_count":0,"master_deck":["Defend_B","Defend_B+1","Defend_B","Zap+1","Dualcast+1","Ball Lightning","Ball Lightning","Compile Driver","Lockon+1","Capacitor","Consume+1","BootSequence","Steam","Thunder Strike+1","Chill+1","Chaos+1","Skim+1","Cold Snap+1","Reinforced Body+1","Rainbow+1","Cold Snap","BootSequence","Core Surge","Doom and Gloom+1","Coolheaded+1"],"relics":["Cracked Core","Nunchaku","Odd Mushroom","Ancient Tea Set","Astrolabe","Bronze Scales","Regal Pillow","Bottled Lightning","Matryoshka","Inserter","Orichalcum","Red Mask","Boot","Dream Catcher","Emotion Chip","War Paint"],"potions_floor_usage":[16,18,22,33,33,33,50,50,50],"damage_taken":[{"damage":0,"enemies":"Small Slimes","floor":1,"turns":2},{"damage":2,"enemies":"Jaw Worm","floor":2,"turns":3},{"damage":3,"enemies":"2 Louse","floor":5,"turns":2},{"damage":25,"enemies":"The Mushroom Lair","floor":7,"turns":3},{"damage":8,"enemies":"Blue Slaver","floor":10,"turns":2},{"damage":4,"enemies":"Red Slaver","floor":13,"turns":2},{"damage":12,"enemies":"Looter","floor":14,"turns":3},{"damage":39,"enemies":"Hexaghost","floor":16,"turns":8},{"damage":7,"enemies":"Spheric Guardian","floor":18,"turns":5},{"damage":6,"enemies":"Shell Parasite","floor":19,"turns":4},{"damage":23,"enemies":"Cultist and Chosen","floor":22,"turns":7},{"damage":46,"enemies":"Book of Stabbing","floor":24,"turns":6},{"damage":2,"enemies":"Centurion and Healer","floor":31,"turns":6},{"damage":22,"enemies":"Collector","floor":33,"turns":10},{"damage":14,"enemies":"3 Shapes","floor":35,"turns":4},{"damage":21,"enemies":"3 Darklings","floor":41,"turns":7},{"damage":0,"enemies":"Maw","floor":47,"turns":6},{"damage":0,"enemies":"Nemesis","floor":48,"turns":5},{"damage":18,"enemies":"Time Eater","floor":50,"turns":10}],"seed_played":"6224161403858852556","potions_obtained":[{"floor":2,"key":"FocusPotion"},{"floor":10,"key":"LiquidMemories"},{"floor":13,"key":"EssenceOfSteel"},{"floor":18,"key":"GamblersBrew"},{"floor":24,"key":"Ancient Potion"},{"floor":30,"key":"CultistPotion"},{"floor":30,"key":"Explosive Potion"},{"floor":30,"key":"EssenceOfDarkness"},{"floor":33,"key":"AttackPotion"},{"floor":35,"key":"SteroidPotion"},{"floor":47,"key":"FocusPotion"}],"is_trial":false,"path_per_floor":["M","M","?","?","M","R","?","R","T","M","$","?","M","M","R","B",null,"M","M","?","$","M","R","E","R","T","R","$","R","?","M","R","B",null,"M","?","$","?","?","R","M","R","T","$","R","$","M","E","R","B",null],"character_chosen":"DEFECT","items_purchased":["Capacitor","Consume","Bronze Scales","Regal Pillow","Cold Snap","Orichalcum","Emotion Chip","Coolheaded"],"campfire_rested":5,"item_purchase_floors":[11,11,21,21,28,37,44,46],"current_hp_per_floor":[68,66,48,48,45,45,20,42,42,34,34,34,30,18,40,1,57,50,44,44,44,21,58,12,49,49,49,49,49,49,47,47,25,63,49,49,49,49,49,49,28,65,65,65,65,65,65,65,65,47],"gold":72,"neow_bonus":"RANDOM_COMMON_RELIC","is_prod":false,"is_daily":false,"chose_seed":false,"campfire_upgraded":7,"win_rate":0,"timestamp":1576863007,"path_taken":["M","M","?","?","?","R","?","R","T","M","$","?","M","M","R","BOSS","M","M","?","$","M","R","E","R","T","R","$","R","?","M","R","BOSS","M","?","$","?","?","R","M","R","T","?","R","$","M","E","R","BOSS"],"build_version":"2019-10-30","purchased_purges":1,"victory":true,"max_hp_per_floor":[75,75,75,75,75,75,75,75,75,75,75,75,75,75,75,75,75,75,75,75,75,75,75,75,75,75,75,75,75,75,75,75,75,75,75,75,75,75,75,75,75,75,75,75,75,75,75,75,75,75],"card_choices":[{"not_picked":["Undo","Fusion"],"picked":"Ball Lightning","floor":1},{"not_picked":["Compile Driver","Barrage"],"picked":"Ball Lightning","floor":2},{"not_picked":["Seek","Gash"],"picked":"Compile Driver","floor":5},{"not_picked":["Go for the Eyes","Steam Power"],"picked":"Lockon","floor":10},{"not_picked":["Sweeping Beam","Coolheaded"],"picked":"BootSequence","floor":13},{"not_picked":["Redo","Ball Lightning"],"picked":"Steam","floor":14},{"not_picked":["Meteor Strike","Core Surge"],"picked":"Thunder Strike","floor":16},{"not_picked":["Chaos","Go for the Eyes","Streamline"],"picked":"SKIP","floor":18},{"not_picked":["Go for the Eyes","Meteor Strike"],"picked":"Cold Snap+1","floor":19},{"not_picked":["Compile Driver","Loop"],"picked":"Reinforced Body","floor":22},{"not_picked":["Storm","Turbo"],"picked":"Rainbow","floor":24},{"not_picked":["Conserve Battery","Hologram"],"picked":"BootSequence","floor":31},{"not_picked":["Rainbow","Amplify"],"picked":"Core Surge","floor":33},{"not_picked":["Redo","Conserve Battery+1"],"picked":"Doom and Gloom+1","floor":35},{"not_picked":["Storm+1","Conserve Battery","Redo+1"],"picked":"SKIP","floor":41},{"not_picked":["Fusion","Go for the Eyes","Capacitor"],"picked":"SKIP","floor":47},{"not_picked":["Barrage","Steam","Cold Snap"],"picked":"SKIP","floor":48}],"player_experience":159301,"relics_obtained":[{"floor":7,"key":"Odd Mushroom"},{"floor":9,"key":"Ancient Tea Set"},{"floor":24,"key":"Bottled Lightning"},{"floor":26,"key":"Matryoshka"},{"floor":43,"key":"Boot"},{"floor":43,"key":"Dream Catcher"},{"floor":48,"key":"War Paint"}],"event_choices":[{"damage_healed":0,"gold_gain":0,"player_choice":"Take Damage","damage_taken":18,"relics_obtained":["Golden Idol"],"max_hp_gain":0,"max_hp_loss":0,"event_name":"Golden Idol","floor":3,"gold_loss":0},{"damage_healed":0,"gold_gain":0,"player_choice":"Ignored","damage_taken":0,"max_hp_gain":0,"max_hp_loss":0,"event_name":"Shining Light","floor":4,"gold_loss":0},{"damage_healed":0,"gold_gain":0,"player_choice":"Fought Mushrooms","damage_taken":0,"max_hp_gain":0,"max_hp_loss":0,"event_name":"Mushrooms","floor":7,"gold_loss":0},{"cards_removed":["Strike_B"],"damage_healed":0,"gold_gain":0,"player_choice":"Offered Basic","damage_taken":0,"max_hp_gain":0,"max_hp_loss":0,"event_name":"Bonfire Elementals","floor":12,"gold_loss":0},{"damage_healed":0,"gold_gain":99,"player_choice":"Stole From Cult","damage_taken":0,"max_hp_gain":0,"max_hp_loss":0,"event_name":"Nest","floor":20,"gold_loss":0},{"damage_healed":0,"gold_gain":0,"player_choice":"Got Potions","damage_taken":0,"max_hp_gain":0,"max_hp_loss":0,"event_name":"Lab","floor":30,"gold_loss":0},{"damage_healed":0,"gold_gain":0,"player_choice":"Ignored","damage_taken":0,"max_hp_gain":0,"max_hp_loss":0,"event_name":"Mysterious Sphere","floor":36,"gold_loss":0},{"damage_healed":0,"gold_gain":0,"player_choice":"Paid","damage_taken":0,"relics_obtained":["Red Mask"],"max_hp_gain":0,"max_hp_loss":0,"event_name":"Tomb of Lord Red Mask","floor":38,"gold_loss":41},{"damage_healed":0,"gold_gain":333,"player_choice":"Gave Idol","damage_taken":0,"max_hp_gain":0,"max_hp_loss":0,"event_name":"The Moai Head","floor":39,"relics_lost":["Golden Idol"],"gold_loss":0}],"is_beta":true,"boss_relics":[{"not_picked":["SacredBark","Tiny House"],"picked":"Astrolabe"},{"not_picked":["Calling Bell","Runic Dome"],"picked":"Inserter"}],"items_purged_floors":[11],"is_endless":false,"potions_floor_spawned":[2,10,13,18,24,33,35,47,48],"ascension_level":7}