{"gold_per_floor":[109,109,129,141,141,141,166,166,193,225,37,37,37,71,71,194,194,209,209,134,148,164,164,183,219,294,334,274,288,288,85,85,209,209,228,69,0,18,33,68,91,91,118,118,118,118,164,179,179,179],"floor_reached":51,"playtime":1685,"items_purged":["Defend_B","Defend_B","Defend_B"],"score":1082,"play_id":"18fa1b63-3616-42dc-a81a-b0b4723dac06","local_time":"20191211200456","is_ascension_mode":true,"campfire_choices":[{"data":"Zap","floor":6.0,"key":"SMITH"},{"data":"Sunder","floor":8.0,"key":"SMITH"},{"data":"Defragment","floor":15.0,"key":"SMITH"},{"floor":23.0,"key":"REST"},{"data":"Biased Cognition","floor":30.0,"key":"SMITH"},{"data":"Reinforced Body","floor":32.0,"key":"SMITH"},{"data":"Tempest","floor":44,"key":"SMITH"},{"data":"Fission","floor":49,"key":"SMITH"}],"neow_cost":"NONE","seed_source_timestamp":2439194422836631,"circlet_count":0,"master_deck":["Strike_B","Strike_B","Strike_B","Zap+1","Dualcast","Sunder+1","Rebound","Reinforced Body+1","Defragment+1","Conserve Battery","Core Surge","Tempest+1","Necronomicurse","Cold Snap","Biased Cognition+1","Coolheaded+1","Chill+1","Capacitor+1","Fission+1","Turbo+1"],"special_seed":0,"relics":["Cracked Core","NeowsBlessing","The Courier","InkBottle","Potion Belt","Orichalcum","Omamori","Chemical X","Golden Idol","Spirit Poop","Bottled Lightning","Calling Bell","Bag of Preparation","StrikeDummy","Ice Cream","Necronomicon","Eternal Feather","White Beast Statue","PreservedInsect","DataDisk","Velvet Choker","Red Mask","CaptainsWheel","Juzu Bracelet","MealTicket"],"potions_floor_usage":[50,50,50,50,50],"damage_taken":[{"damage":0.0,"enemies":"Cultist","floor":1.0,"turns":1.0},{"damage":0.0,"enemies":"Jaw Worm","floor":3.0,"turns":1.0},{"damage":0.0,"enemies":"Small Slimes","floor":4.0,"turns":1.0},{"damage":7.0,"enemies":"3 Sentries","floor":7.0,"turns":5.0},{"damage":4.0,"enemies":"Gremlin Nob","floor":10.0,"turns":4.0},{"damage":18.0,"enemies":"Lagavulin","floor":14.0,"turns":8.0},{"damage":31.0,"enemies":"Hexaghost","floor":16.0,"turns":8.0},{"damage":0.0,"enemies":"Chosen","floor":18.0,"turns":4.0},{"damage":0.0,"enemies":"Shell Parasite","floor":21.0,"turns":2.0},{"damage":14.0,"enemies":"3 Cultists","floor":22.0,"turns":4.0},{"damage":0.0,"enemies":"Centurion and Healer","floor":24.0,"turns":3.0},{"damage":6.0,"enemies":"Slavers","floor":25.0,"turns":4.0},{"damage":9.0,"enemies":"Book of Stabbing","floor":27.0,"turns":3.0},{"damage":0.0,"enemies":"Chosen and Byrds","floor":29.0,"turns":4.0},{"damage":3.0,"enemies":"Automaton","floor":33.0,"turns":8.0},{"damage":0.0,"enemies":"Orb Walker","floor":35.0,"turns":3.0},{"damage":0.0,"enemies":"3 Darklings","floor":38.0,"turns":4.0},{"damage":0.0,"enemies":"4 Shapes","floor":39.0,"turns":4.0},{"damage":0,"enemies":"Nemesis","floor":40,"turns":5},{"damage":2,"enemies":"Sphere and 2 Shapes","floor":41,"turns":4},{"damage":2,"enemies":"Writhing Mass","floor":48,"turns":3},{"damage":13,"enemies":"Awakened One","floor":50,"turns":9}],"seed_played":"-6279451127690413347","potions_obtained":[{"floor":1.0,"key":"BlessingOfTheForge"},{"floor":4.0,"key":"EssenceOfSteel"},{"floor":10.0,"key":"FocusPotion"},{"floor":14.0,"key":"PowerPotion"},{"floor":16.0,"key":"LiquidMemories"},{"floor":18.0,"key":"EntropicBrew"},{"floor":22.0,"key":"Dexterity Potion"},{"floor":25.0,"key":"FearPotion"},{"floor":27.0,"key":"SteroidPotion"},{"floor":29.0,"key":"Dexterity Potion"},{"floor":33.0,"key":"FocusPotion"},{"floor":35.0,"key":"AttackPotion"},{"floor":48,"key":"FocusPotion"}],"is_trial":false,"path_per_floor":["M","T","M","M","?","R","E","R","T","E","$","?","?","E","R","B",null,"M","?","?","M","M","R","M","E","T","E","$","M","R","$","R","B",null,"M","$","?","M","M","E","M","$","T","R","?","?","T","M","R","B",null],"character_chosen":"DEFECT","items_purchased":["Chemical X","Defragment","DataDisk","DistilledChaos"],"campfire_rested":1,"item_purchase_floors":[11,11,31,36],"current_hp_per_floor":[75,75,75,75,75,75,68,68,68,64,64,64,64,46,46,15,60,60,44,44,44,30,52,52,46,46,37,37,37,49,49,58,55,70,70,70,70,70,70,70,68,68,68,75,75,71,71,69,71,58],"gold":179,"neow_bonus":"THREE_ENEMY_KILL","is_prod":false,"is_daily":false,"chose_seed":false,"campfire_upgraded":7,"win_rate":0,"timestamp":1576076696,"path_taken":["M","?","?","M","?","R","E","R","T","E","$","?","?","E","R","BOSS","M","?","?","M","M","R","M","E","T","E","$","M","R","?","R","BOSS","M","$","?","M","M","E","M","$","T","R","?","?","?","M","R","BOSS"],"build_version":"2019-10-30","purchased_purges":3,"victory":true,"max_hp_per_floor":[75,75,75,75,75,75,75,75,75,75,75,75,75,75,75,75,75,75,75,75,75,75,75,75,75,75,75,75,75,75,75,75,75,75,75,75,75,75,75,75,75,75,75,75,75,71,71,71,71,71],"card_choices":[{"not_picked":["Hello World","Hologram"],"picked":"Sunder","floor":1.0},{"not_picked":["Turbo","Sweeping Beam","Chaos"],"picked":"SKIP","floor":3.0},{"not_picked":["Compile Driver","Fusion"],"picked":"Rebound","floor":4.0},{"not_picked":["Rip and Tear","Stack"],"picked":"Reinforced Body","floor":7.0},{"not_picked":["Leap","Stack","Sunder"],"picked":"SKIP","floor":10.0},{"not_picked":["Leap","Chaos"],"picked":"Conserve Battery","floor":14.0},{"not_picked":["Thunder Strike","Buffer"],"picked":"Core Surge","floor":16.0},{"not_picked":["Ball Lightning","Go for the Eyes"],"picked":"Tempest","floor":18.0},{"not_picked":["Darkness","Go for the Eyes"],"picked":"Cold Snap","floor":21.0},{"not_picked":["Hello World+1","Static Discharge+1"],"picked":"Biased Cognition","floor":22.0},{"not_picked":["Streamline","Barrage+1","Gash"],"picked":"SKIP","floor":24.0},{"not_picked":["Barrage","Steam"],"picked":"Coolheaded+1","floor":25.0},{"not_picked":["Redo+1","Static Discharge+1"],"picked":"Chill+1","floor":27.0},{"not_picked":["Barrage+1","Conserve Battery+1","Go for the Eyes"],"picked":"SKIP","floor":29.0},{"not_picked":["Storm+1","Force Field","Leap"],"picked":"SKIP","floor":35.0},{"not_picked":["Sweeping Beam+1","Streamline","Conserve Battery+1"],"picked":"SKIP","floor":38.0},{"not_picked":["FTL+1","Amplify"],"picked":"Capacitor+1","floor":39.0},{"not_picked":["Compile Driver","Redo","Gash"],"picked":"SKIP","floor":40},{"not_picked":["FTL","Redo","Go for the Eyes"],"picked":"SKIP","floor":41},{"not_picked":["Melter+1","Beam Cell"],"picked":"Turbo+1","floor":48}],"player_experience":127939,"relics_obtained":[{"floor":2.0,"key":"The Courier"},{"floor":7.0,"key":"Potion Belt"},{"floor":9.0,"key":"Orichalcum"},{"floor":10.0,"key":"Omamori"},{"floor":14.0,"key":"Bottled Lightning"},{"floor":17.0,"key":"Bag of Preparation"},{"floor":17.0,"key":"StrikeDummy"},{"floor":17.0,"key":"Ice Cream"},{"floor":19.0,"key":"Necronomicon"},{"floor":25.0,"key":"Eternal Feather"},{"floor":26.0,"key":"White Beast Statue"},{"floor":27.0,"key":"PreservedInsect"},{"floor":40,"key":"CaptainsWheel"},{"floor":43,"key":"Juzu Bracelet"},{"floor":47,"key":"MealTicket"}],"event_choices":[{"damage_healed":0.0,"max_hp_gain":0.0,"max_hp_loss":0.0,"gold_gain":0.0,"event_name":"Big Fish","player_choice":"Box","floor":5.0,"gold_loss":0.0,"damage_taken":0.0,"relics_obtained":["InkBottle"],"cards_obtained":["Regret"]},{"damage_healed":0.0,"max_hp_gain":0.0,"max_hp_loss":0.0,"gold_gain":0.0,"event_name":"Golden Idol","player_choice":"Take Wound","floor":12.0,"gold_loss":0.0,"damage_taken":0.0,"relics_obtained":["Golden Idol"],"cards_obtained":["Injury"]},{"cards_removed":["Regret"],"damage_healed":0.0,"max_hp_gain":0.0,"max_hp_loss":0.0,"gold_gain":0.0,"event_name":"Bonfire Elementals","player_choice":"Offered Curse","floor":13.0,"gold_loss":0.0,"damage_taken":0.0,"relics_obtained":["Spirit Poop"]},{"damage_healed":0.0,"max_hp_gain":0.0,"max_hp_loss":0.0,"gold_gain":0.0,"event_name":"Cursed Tome","player_choice":"Obtained Book","floor":19.0,"gold_loss":0.0,"damage_taken":16.0},{"cards_removed":["Strike_B"],"damage_healed":0.0,"max_hp_gain":0.0,"max_hp_loss":0.0,"gold_gain":0.0,"event_name":"Beggar","player_choice":"Gave Gold","floor":20.0,"gold_loss":75.0,"damage_taken":0.0},{"damage_healed":0.0,"max_hp_gain":0.0,"max_hp_loss":0.0,"gold_gain":0.0,"event_name":"Tomb of Lord Red Mask","player_choice":"Paid","floor":37.0,"gold_loss":69.0,"damage_taken":0.0,"relics_obtained":["Red Mask"]},{"damage_healed":0,"gold_gain":0,"cards_transformed":["Defend_B"],"player_choice":"Transformed","damage_taken":0,"max_hp_gain":0,"max_hp_loss":0,"event_name":"Transmorgrifier","floor":45,"gold_loss":0,"cards_obtained":["Fission"]},{"damage_healed":0,"gold_gain":0,"player_choice":"Max HP","damage_taken":0,"max_hp_gain":0,"max_hp_loss":4,"event_name":"Winding Halls","floor":46,"gold_loss":0}],"is_beta":true,"boss_relics":[{"not_picked":["Coffee Dripper","Sozu"],"picked":"Calling Bell"},{"not_picked":["Runic Pyramid","Astrolabe"],"picked":"Velvet Choker"}],"items_purged_floors":[28,31,36],"is_endless":false,"potions_floor_spawned":[1,4,10,14,16,18,22,25,27,29,33,35,38,39,40,41,48],"ascension_level":5}