{"gold_per_floor":[113,131,149,149,169,169,244,244,244,244,264,264,40,66,66,66],"floor_reached":16,"playtime":440,"items_purged":["Decay"],"score":145,"play_id":"e9130e06-82e3-43f6-926a-3a5b99dfee47","local_time":"20191223192212","is_ascension_mode":true,"campfire_choices":[{"floor":6.0,"key":"REST"},{"data":"Zap","floor":8.0,"key":"SMITH"},{"data":"Consume","floor":12.0,"key":"SMITH"},{"floor":15.0,"key":"REST"}],"neow_cost":"NONE","seed_source_timestamp":429216619373644,"circlet_count":0,"master_deck":["Strike_B+1","Strike_B","Strike_B+1","Defend_B","Defend_B","Defend_B","Zap+1","Dualcast","Consume+1","Seek","Genetic Algorithm","Blizzard","BootSequence"],"special_seed":0,"relics":["Cracked Core","Whetstone","Frozen Egg 2"],"potions_floor_usage":[],"damage_taken":[{"damage":4.0,"enemies":"Small Slimes","floor":1.0,"turns":3.0},{"damage":4.0,"enemies":"Jaw Worm","floor":2.0,"turns":3.0},{"damage":4.0,"enemies":"2 Louse","floor":3.0,"turns":3.0},{"damage":20.0,"enemies":"Gremlin Gang","floor":5.0,"turns":5.0},{"damage":18.0,"enemies":"Exordium Thugs","floor":11.0,"turns":5.0},{"damage":16.0,"enemies":"Gremlin Nob","floor":14.0,"turns":4.0},{"damage":33,"enemies":"Hexaghost","floor":16,"turns":8}],"seed_played":"-2452893078034357085","potions_obtained":[{"floor":2.0,"key":"SpeedPotion"},{"floor":11.0,"key":"GamblersBrew"}],"is_trial":false,"path_per_floor":["M","M","M","?","M","R","?","R","T","?","M","R","$","E","R","B"],"character_chosen":"DEFECT","items_purchased":["Blizzard","BootSequence"],"campfire_rested":2,"item_purchase_floors":[13,13],"current_hp_per_floor":[64,60,56,49,29,51,40,40,40,40,22,22,22,6,28,0],"gold":66,"neow_bonus":"REMOVE_CARD","is_prod":false,"is_daily":false,"chose_seed":false,"campfire_upgraded":2,"win_rate":0,"timestamp":1577110932,"path_taken":["M","M","M","?","M","R","?","R","T","?","?","R","$","E","R","BOSS"],"build_version":"2019-10-30","purchased_purges":1,"victory":false,"max_hp_per_floor":[75,75,75,75,75,75,75,75,75,75,75,75,75,75,75,75],"card_choices":[{"not_picked":["Compile Driver","Chaos"],"picked":"Consume","floor":1.0},{"not_picked":["Stack","Go for the Eyes","Fusion"],"picked":"SKIP","floor":2.0},{"not_picked":["Leap","Redo","Stack"],"picked":"SKIP","floor":3.0},{"not_picked":["Compile Driver","Storm"],"picked":"Seek","floor":5.0},{"not_picked":["Force Field","Leap"],"picked":"Genetic Algorithm","floor":11.0},{"not_picked":["Fusion","Hyperbeam","Redo"],"picked":"SKIP","floor":14.0}],"player_experience":171981,"relics_obtained":[{"floor":9.0,"key":"Whetstone"},{"floor":14.0,"key":"Frozen Egg 2"}],"event_choices":[{"cards_removed":["Defend_B"],"damage_healed":0.0,"max_hp_gain":0.0,"max_hp_loss":0.0,"gold_gain":0.0,"event_name":"Golden Wing","player_choice":"Card Removal","floor":4.0,"gold_loss":0.0,"damage_taken":7.0},{"damage_healed":0.0,"max_hp_gain":0.0,"max_hp_loss":0.0,"gold_gain":75.0,"event_name":"World of Goop","player_choice":"Gather Gold","floor":7.0,"gold_loss":0.0,"damage_taken":11.0},{"damage_healed":0.0,"max_hp_gain":0.0,"max_hp_loss":0.0,"gold_gain":0.0,"event_name":"Wheel of Change","player_choice":"Cursed","floor":10.0,"gold_loss":0.0,"damage_taken":0.0,"cards_obtained":["Decay"]}],"is_beta":true,"boss_relics":[],"items_purged_floors":[13],"is_endless":false,"potions_floor_spawned":[2,11],"killed_by":"Hexaghost","ascension_level":9}