{"gold_per_floor":[116,129,129,129,141,153,208,220,306,336,348,154,182,197,197,321,321,344,369,369,221,233,233,233,332,407,407,423,423,498,516,516,621,621,641,655,304,304,304,304,318,318,341,357,371,124,124,141,141,141],"floor_reached":51,"playtime":2082,"items_purged":["Regret","Defend_B","Defend_B"],"score":1107,"play_id":"c36a574e-9ef7-446d-9332-82b1f584b455","local_time":"20200109172920","is_ascension_mode":true,"campfire_choices":[{"data":"Rainbow","floor":6.0,"key":"SMITH"},{"floor":8.0,"key":"REST"},{"data":"Glacier","floor":11.0,"key":"SMITH"},{"floor":15.0,"key":"REST"},{"data":"Defragment","floor":23.0,"key":"SMITH"},{"data":"White Noise","floor":29.0,"key":"SMITH"},{"data":"Capacitor","floor":32.0,"key":"SMITH"},{"data":"Capacitor","floor":40,"key":"SMITH"},{"floor":49,"key":"REST"}],"neow_cost":"NONE","seed_source_timestamp":59926870126562,"circlet_count":0,"master_deck":["AscendersBane","Strike_B","Strike_B","Strike_B","Defend_B+1","Zap","Dualcast+1","Rainbow+1","Glacier+1","Coolheaded","Coolheaded","Glacier","Chill","Turbo","Defragment+1","Seek","Capacitor+1","Capacitor+1","Blizzard+1","White Noise+1","Barrage+1","Barrage+1","Glacier+1","White Noise"],"special_seed":0,"relics":["FrozenCore","MawBank","Bloody Idol","Molten Egg 2","Bottled Lightning","Odd Mushroom","ClockworkSouvenir","Bottled Tornado","Kunai","Inserter","Membership Card","Potion Belt","Vajra","Centennial Puzzle","OrangePellets"],"potions_floor_usage":[35,48,50,50,50],"damage_taken":[{"damage":4.0,"enemies":"Cultist","floor":1.0,"turns":3.0},{"damage":1.0,"enemies":"Jaw Worm","floor":2.0,"turns":3.0},{"damage":29.0,"enemies":"3 Sentries","floor":7.0,"turns":9.0},{"damage":6.0,"enemies":"Small Slimes","floor":10.0,"turns":3.0},{"damage":13.0,"enemies":"The Mushroom Lair","floor":13.0,"turns":5.0},{"damage":0.0,"enemies":"2 Fungi Beasts","floor":14.0,"turns":3.0},{"damage":30.0,"enemies":"Slime Boss","floor":16.0,"turns":21.0},{"damage":0.0,"enemies":"Chosen","floor":18.0,"turns":6.0},{"damage":0.0,"enemies":"Spheric Guardian","floor":19.0,"turns":9.0},{"damage":0.0,"enemies":"Snecko","floor":22.0,"turns":8.0},{"damage":12.0,"enemies":"Snake Plant","floor":28.0,"turns":10.0},{"damage":0.0,"enemies":"Centurion and Healer","floor":31.0,"turns":7.0},{"damage":6.0,"enemies":"Collector","floor":33.0,"turns":13.0},{"damage":5,"enemies":"3 Shapes","floor":35,"turns":7},{"damage":0,"enemies":"Orb Walker","floor":36,"turns":5},{"damage":0,"enemies":"Spire Growth","floor":41,"turns":6},{"damage":9,"enemies":"4 Shapes","floor":44,"turns":10},{"damage":0,"enemies":"Maw","floor":45,"turns":9},{"damage":34,"enemies":"Transient","floor":48,"turns":5},{"damage":0,"enemies":"Time Eater","floor":50,"turns":12}],"seed_played":"-7119493875095798248","potions_obtained":[{"floor":1.0,"key":"Swift Potion"},{"floor":7.0,"key":"Dexterity Potion"},{"floor":16.0,"key":"Block Potion"},{"floor":28.0,"key":"PowerPotion"},{"floor":31.0,"key":"FocusPotion"},{"floor":45,"key":"PowerPotion"}],"is_trial":false,"path_per_floor":["M","M","?","?","?","R","E","R","T","M","R","$","?","M","R","B",null,"M","M","?","$","M","R","?","?","T","T","M","R","?","M","R","B",null,"M","M","$","?","?","R","M","?","T","M","M","$","?","M","R","B",null],"character_chosen":"DEFECT","items_purchased":["Chill","Turbo","ClockworkSouvenir","Membership Card","PowerPotion","Potion Belt","ColorlessPotion","AttackPotion","Centennial Puzzle","White Noise","OrangePellets"],"campfire_rested":3,"item_purchase_floors":[12,12,21,37,37,37,37,37,46,46,46],"current_hp_per_floor":[64,63,48,48,48,48,19,39,39,33,33,33,20,20,40,10,54,54,54,54,54,59,59,59,64,69,69,62,62,61,66,66,65,68,68,69,69,66,66,66,66,66,66,62,66,66,66,37,56,56],"gold":141,"neow_bonus":"TRANSFORM_CARD","is_prod":false,"is_daily":false,"chose_seed":false,"campfire_upgraded":6,"win_rate":0,"timestamp":1578572960,"path_taken":["M","?","?","?","?","R","E","R","T","M","R","$","?","M","R","BOSS","M","M","?","$","M","R","?","?","T","?","?","R","?","M","R","BOSS","M","M","$","?","?","R","M","?","T","?","M","$","?","M","R","BOSS"],"build_version":"2019-10-30","purchased_purges":3,"victory":true,"max_hp_per_floor":[75,75,75,75,69,69,69,69,69,69,69,69,69,69,69,69,69,69,69,69,69,69,69,69,69,69,69,69,69,69,69,69,69,69,69,69,69,66,66,66,66,66,66,66,66,66,66,66,66,66],"card_choices":[{"not_picked":["Auto Shields","Skim"],"picked":"Glacier","floor":1.0},{"not_picked":["Compile Driver","Streamline"],"picked":"Coolheaded","floor":2.0},{"not_picked":["Hologram","Chaos"],"picked":"Coolheaded","floor":7.0},{"not_picked":["Coolheaded","Steam"],"picked":"Glacier","floor":10.0},{"not_picked":["Conserve Battery","Turbo"],"picked":"Defragment","floor":13.0},{"not_picked":["Sweeping Beam+1","Streamline+1","Auto Shields"],"picked":"SKIP","floor":14.0},{"not_picked":["Electrodynamics","Thunder Strike+1"],"picked":"Seek","floor":16.0},{"not_picked":["Conserve Battery","Redo"],"picked":"Capacitor","floor":18.0},{"not_picked":["Ball Lightning+1","Loop"],"picked":"Capacitor","floor":19.0},{"not_picked":["Ball Lightning+1","Rebound+1","Scrape+1"],"picked":"SKIP","floor":22.0},{"not_picked":["Loop+1","Cold Snap+1"],"picked":"White Noise","floor":28.0},{"not_picked":["Storm","Compile Driver+1","Chaos"],"picked":"SKIP","floor":31.0},{"not_picked":["Darkness","Sunder+1"],"picked":"Barrage+1","floor":35},{"not_picked":["Conserve Battery","Scrape+1"],"picked":"Barrage+1","floor":36},{"not_picked":["Hologram","Compile Driver+1","Sunder+1"],"picked":"SKIP","floor":41},{"not_picked":["Conserve Battery","Reprogram+1","Heatsinks"],"picked":"SKIP","floor":44},{"not_picked":["Static Discharge","Steam"],"picked":"Glacier+1","floor":45},{"not_picked":["Stack","Aggregate","Storm"],"picked":"SKIP","floor":48}],"player_experience":214968,"relics_obtained":[{"floor":7.0,"key":"Molten Egg 2"},{"floor":9.0,"key":"Bottled Lightning"},{"floor":13.0,"key":"Odd Mushroom"},{"floor":26.0,"key":"Bottled Tornado"},{"floor":27.0,"key":"Kunai"},{"floor":43,"key":"Vajra"}],"event_choices":[{"damage_healed":0.0,"max_hp_gain":0.0,"max_hp_loss":0.0,"gold_gain":0.0,"event_name":"Shining Light","player_choice":"Entered Light","floor":3.0,"gold_loss":0.0,"damage_taken":15.0,"cards_upgraded":["Dualcast","Defend_B"]},{"damage_healed":0.0,"max_hp_gain":0.0,"max_hp_loss":0.0,"gold_gain":0.0,"event_name":"Big Fish","player_choice":"Box","floor":4.0,"gold_loss":0.0,"damage_taken":0.0,"relics_obtained":["MawBank"],"cards_obtained":["Regret"]},{"damage_healed":0.0,"max_hp_gain":0.0,"max_hp_loss":6.0,"gold_gain":0.0,"event_name":"Golden Idol","player_choice":"Lose Max HP","floor":5.0,"gold_loss":0.0,"damage_taken":0.0,"relics_obtained":["Golden Idol"]},{"damage_healed":0.0,"max_hp_gain":0.0,"max_hp_loss":0.0,"gold_gain":0.0,"event_name":"Mushrooms","player_choice":"Fought Mushrooms","floor":13.0,"gold_loss":0.0,"damage_taken":0.0},{"damage_healed":0.0,"max_hp_gain":0.0,"max_hp_loss":0.0,"gold_gain":0.0,"event_name":"Forgotten Altar","player_choice":"Gave Idol","floor":20.0,"relics_lost":["Golden Idol"],"gold_loss":0.0,"damage_taken":0.0,"relics_obtained":["Bloody Idol"]},{"damage_healed":0.0,"max_hp_gain":0.0,"max_hp_loss":0.0,"gold_gain":0.0,"event_name":"The Library","player_choice":"Read","floor":24.0,"gold_loss":0.0,"damage_taken":0.0,"cards_obtained":["Blizzard"]},{"damage_healed":0.0,"max_hp_gain":0.0,"max_hp_loss":0.0,"gold_gain":99.0,"event_name":"Nest","player_choice":"Stole From Cult","floor":25.0,"gold_loss":0.0,"damage_taken":0.0},{"damage_healed":0.0,"max_hp_gain":0.0,"max_hp_loss":0.0,"gold_gain":75.0,"event_name":"FaceTrader","player_choice":"Touch","floor":30.0,"gold_loss":0.0,"damage_taken":6.0},{"damage_healed":0,"gold_gain":0,"player_choice":"Max HP","damage_taken":0,"max_hp_gain":0,"max_hp_loss":3,"event_name":"Winding Halls","floor":38,"gold_loss":0},{"damage_healed":0,"gold_gain":0,"player_choice":"Ignored","damage_taken":0,"max_hp_gain":0,"max_hp_loss":0,"event_name":"Tomb of Lord Red Mask","floor":39,"gold_loss":0},{"cards_removed":["Defend_B"],"damage_healed":0,"gold_gain":0,"player_choice":"Purged","damage_taken":0,"max_hp_gain":0,"max_hp_loss":0,"event_name":"Purifier","floor":42,"gold_loss":0},{"damage_healed":0,"gold_gain":0,"player_choice":"Memory 1","damage_taken":0,"max_hp_gain":0,"max_hp_loss":0,"event_name":"SensoryStone","floor":47,"gold_loss":0}],"is_beta":true,"boss_relics":[{"not_picked":["Runic Dome","Runic Pyramid"],"picked":"FrozenCore"},{"not_picked":["Coffee Dripper","Snecko Eye"],"picked":"Inserter"}],"items_purged_floors":[12,37,46],"is_endless":false,"potions_floor_spawned":[1,7,16,28,31,45],"ascension_level":12}