{"gold_per_floor":[112,112,112,125,125,144,144,144,197,197,224,224,68,81,81,171,171,190,211,100,100,199,237,198,198,198,198,221,256,256,276,276,374,374,394,727,727,727,727,759,58,58,82,97,129,0,18,18,18,18],"floor_reached":51,"playtime":2129,"items_purged":["Defend_B","Defend_B"],"score":1423,"play_id":"2d5bc5be-0e49-497a-ad36-2f204796f95c","local_time":"20200203202751","is_ascension_mode":true,"campfire_choices":[{"data":"Dualcast","floor":7.0,"key":"SMITH"},{"data":"Reinforced Body","floor":12.0,"key":"SMITH"},{"data":"Coolheaded","floor":15.0,"key":"SMITH"},{"floor":25.0,"key":"REST"},{"data":"Redo","floor":30.0,"key":"SMITH"},{"data":"Capacitor","floor":32.0,"key":"SMITH"},{"floor":42,"key":"RECALL"},{"floor":49,"key":"REST"}],"neow_cost":"PERCENT_DAMAGE","seed_source_timestamp":0,"circlet_count":0,"master_deck":["AscendersBane","Strike_B","Strike_B","Defend_B+1","Zap+1","Dualcast+1","BootSequence","Reinforced Body+1","Conserve Battery","Coolheaded+1","Echo Form","Redo+1","Blizzard+1","BootSequence","Loop","Go for the Eyes+1","Glacier","Defragment+1","Capacitor+1","Buffer","Panacea","Glacier","Turbo+1","Defragment","Cold Snap"],"special_seed":0,"relics":["Cracked Core","MealTicket","Regal Pillow","DataDisk","Philosopher\u0027s Stone","Du-Vu Doll","Blue Candle","Whetstone","Inserter","Bottled Lightning","Bag of Marbles","Turnip","Medical Kit","Akabeko","Red Mask"],"potions_floor_usage":[35,47,50,50],"damage_taken":[{"damage":7.0,"enemies":"Jaw Worm","floor":1.0,"turns":3.0},{"damage":0.0,"enemies":"2 Louse","floor":4.0,"turns":3.0},{"damage":0.0,"enemies":"Cultist","floor":6.0,"turns":3.0},{"damage":1.0,"enemies":"Large Slime","floor":14.0,"turns":7.0},{"damage":13.0,"enemies":"The Guardian","floor":16.0,"turns":13.0},{"damage":16.0,"enemies":"Spheric Guardian","floor":18.0,"turns":6.0},{"damage":0.0,"enemies":"Shell Parasite","floor":19.0,"turns":5.0},{"damage":105.0,"enemies":"Slavers","floor":23.0,"turns":8.0},{"damage":7.0,"enemies":"Snecko","floor":28.0,"turns":8.0},{"damage":0.0,"enemies":"Book of Stabbing","floor":29.0,"turns":7.0},{"damage":16.0,"enemies":"Cultist and Chosen","floor":31.0,"turns":8.0},{"damage":0.0,"enemies":"Champ","floor":33.0,"turns":13.0},{"damage":20,"enemies":"3 Darklings","floor":35,"turns":6},{"damage":0,"enemies":"Giant Head","floor":40,"turns":12},{"damage":0,"enemies":"Orb Walker","floor":44,"turns":7},{"damage":22,"enemies":"Nemesis","floor":45,"turns":15},{"damage":25,"enemies":"Sphere and 2 Shapes","floor":47,"turns":7},{"damage":47,"enemies":"Awakened One","floor":50,"turns":16}],"seed_played":"-5890446255181192041","potions_obtained":[{"floor":4.0,"key":"AttackPotion"},{"floor":6.0,"key":"FairyPotion"},{"floor":19.0,"key":"EssenceOfDarkness"},{"floor":29.0,"key":"PowerPotion"},{"floor":31.0,"key":"Regen Potion"},{"floor":35,"key":"SkillPotion"},{"floor":48,"key":"DuplicationPotion"},{"floor":48,"key":"GamblersBrew"}],"is_trial":false,"path_per_floor":["M","?","?","M","?","M","R","?","T","?","T","R","$","M","R","B",null,"M","M","$","?","?","E","$","R","T","?","M","E","R","M","R","B",null,"M","?","T","?","?","E","$","R","T","M","E","?","M","?","R","B",null],"character_chosen":"DEFECT","items_purchased":["DataDisk","Blizzard","Loop","Turnip","Medical Kit","Glacier","Ancient Potion"],"campfire_rested":2,"item_purchase_floors":[13,20,24,41,41,41,41],"current_hp_per_floor":[57,39,39,39,39,39,39,68,68,46,46,46,61,60,60,47,79,63,63,78,78,78,7,22,63,63,63,56,56,56,40,40,40,77,57,57,57,57,57,57,72,72,72,72,50,50,25,25,65,18],"gold":18,"neow_bonus":"TWENTY_PERCENT_HP_BONUS","is_prod":false,"is_daily":false,"chose_seed":false,"campfire_upgraded":5,"win_rate":0,"timestamp":1580743671,"path_taken":["M","?","?","?","?","M","R","?","T","?","?","R","$","?","R","BOSS","M","M","$","?","?","E","$","R","T","?","M","E","R","M","R","BOSS","M","?","?","?","?","E","$","R","T","M","E","?","?","?","R","BOSS"],"build_version":"2020-01-14","purchased_purges":2,"victory":true,"max_hp_per_floor":[89,89,89,89,89,89,89,89,89,89,89,89,89,89,89,89,89,89,89,89,89,89,89,89,89,89,89,89,89,89,89,89,89,89,89,89,89,85,85,85,85,85,85,85,85,85,85,85,85,85],"card_choices":[{"not_picked":["Sweeping Beam","Storm"],"picked":"BootSequence","floor":1.0},{"not_picked":["Hologram","Sweeping Beam"],"picked":"Reinforced Body","floor":4.0},{"not_picked":["Streamline","Darkness"],"picked":"Conserve Battery","floor":6.0},{"not_picked":["Hello World","Leap"],"picked":"Coolheaded","floor":14.0},{"not_picked":["Amplify","Machine Learning"],"picked":"Echo Form","floor":16.0},{"not_picked":["Steam Power","Redo","Streamline"],"picked":"SKIP","floor":18.0},{"not_picked":["Steam Power","Streamline"],"picked":"Redo","floor":18.0},{"not_picked":["Chaos","Hologram","Stack"],"picked":"SKIP","floor":19.0},{"not_picked":["Fusion","Chill"],"picked":"BootSequence","floor":23.0},{"not_picked":["Sunder","Conserve Battery","Blizzard"],"picked":"SKIP","floor":28.0},{"not_picked":["Go for the Eyes","Reprogram"],"picked":"Defragment+1","floor":29.0},{"not_picked":["Sweeping Beam","Rebound"],"picked":"Capacitor","floor":31.0},{"not_picked":["Multi-Cast","Seek"],"picked":"Buffer","floor":33.0},{"not_picked":["Hello World","Leap","Compile Driver"],"picked":"SKIP","floor":35},{"not_picked":["HandOfGreed","Purity"],"picked":"Panacea","floor":39},{"not_picked":["Hologram+1","Skim","Hello World"],"picked":"SKIP","floor":40},{"not_picked":["Hologram+1","Conserve Battery"],"picked":"Turbo+1","floor":44},{"not_picked":["Go for the Eyes","Conserve Battery"],"picked":"Defragment","floor":45},{"not_picked":["Streamline","Double Energy"],"picked":"Cold Snap","floor":47}],"player_experience":252721,"relics_obtained":[{"floor":9.0,"key":"MealTicket"},{"floor":11.0,"key":"Regal Pillow"},{"floor":23.0,"key":"Du-Vu Doll"},{"floor":26.0,"key":"Blue Candle"},{"floor":29.0,"key":"Whetstone"},{"floor":37,"key":"Bottled Lightning"},{"floor":40,"key":"Bag of Marbles"},{"floor":45,"key":"Akabeko"}],"event_choices":[{"damage_healed":0.0,"max_hp_gain":0.0,"max_hp_loss":0.0,"gold_gain":0.0,"event_name":"Shining Light","player_choice":"Entered Light","floor":2.0,"gold_loss":0.0,"damage_taken":18.0,"cards_upgraded":["Defend_B","Zap"]},{"cards_removed":["Strike_B"],"damage_healed":0.0,"max_hp_gain":0.0,"max_hp_loss":0.0,"gold_gain":0.0,"event_name":"Purifier","player_choice":"Purged","floor":3.0,"gold_loss":0.0,"damage_taken":0.0},{"damage_healed":0.0,"max_hp_gain":0.0,"max_hp_loss":0.0,"gold_gain":0.0,"event_name":"Scrap Ooze","player_choice":"Fled","floor":5.0,"gold_loss":0.0,"damage_taken":0.0},{"damage_healed":29.0,"max_hp_gain":0.0,"max_hp_loss":0.0,"gold_gain":0.0,"event_name":"Big Fish","player_choice":"Banana","floor":8.0,"gold_loss":0.0,"damage_taken":0.0},{"damage_healed":0.0,"max_hp_gain":0.0,"max_hp_loss":0.0,"gold_gain":0.0,"event_name":"Golden Idol","player_choice":"Take Damage","floor":10.0,"gold_loss":0.0,"damage_taken":22.0,"relics_obtained":["Golden Idol"]},{"damage_healed":0.0,"max_hp_gain":0.0,"max_hp_loss":0.0,"gold_gain":0.0,"event_name":"Ghosts","player_choice":"Ignored","floor":21.0,"gold_loss":0.0,"damage_taken":0.0},{"damage_healed":0.0,"max_hp_gain":0.0,"max_hp_loss":0.0,"gold_gain":99.0,"event_name":"Nest","player_choice":"Stole From Cult","floor":22.0,"gold_loss":0.0,"damage_taken":0.0},{"damage_healed":0.0,"max_hp_gain":0.0,"max_hp_loss":0.0,"gold_gain":0.0,"cards_transformed":["Strike_B","Defend_B"],"event_name":"Drug Dealer","player_choice":"Became Test Subject","floor":27.0,"gold_loss":0.0,"damage_taken":0.0,"cards_obtained":["Go for the Eyes","Glacier"]},{"damage_healed":0,"gold_gain":333,"player_choice":"Gave Idol","damage_taken":0,"max_hp_gain":0,"max_hp_loss":0,"event_name":"The Moai Head","floor":36,"relics_lost":["Golden Idol"],"gold_loss":0},{"damage_healed":0,"gold_gain":0,"player_choice":"Max HP","damage_taken":0,"max_hp_gain":0,"max_hp_loss":4,"event_name":"Winding Halls","floor":38,"gold_loss":0},{"damage_healed":0,"gold_gain":0,"player_choice":"Memory 1","damage_taken":0,"max_hp_gain":0,"max_hp_loss":0,"event_name":"SensoryStone","floor":39,"gold_loss":0},{"damage_healed":0,"gold_gain":0,"player_choice":"Paid","damage_taken":0,"relics_obtained":["Red Mask"],"max_hp_gain":0,"max_hp_loss":0,"event_name":"Tomb of Lord Red Mask","floor":46,"gold_loss":129},{"damage_healed":0,"gold_gain":0,"player_choice":"Got Potions","damage_taken":0,"max_hp_gain":0,"max_hp_loss":0,"event_name":"Lab","floor":48,"gold_loss":0}],"is_beta":false,"boss_relics":[{"not_picked":["Nuclear Battery","Cursed Key"],"picked":"Philosopher\u0027s Stone"},{"not_picked":["Runic Pyramid","Black Star"],"picked":"Inserter"}],"items_purged_floors":[20,41],"is_endless":false,"potions_floor_spawned":[4,6,14,19,29,31,35,44],"ascension_level":13}