{"gold_per_floor":[114,114,114,127,50,85,85,110,182,216,216,236,6,6,6,97,97,120,120,104,104,29,72,87,87,158,158,182,182,205,226,226,316,316,337,337,361,1360,1360,1360,1381,1381],"floor_reached":42,"playtime":1748,"items_purged":["Genetic Algorithm"],"score":805,"play_id":"b6f595da-fdee-4405-aed2-e0d3147b8713","local_time":"20200215182900","is_ascension_mode":true,"campfire_choices":[{"data":"Coolheaded","floor":7.0,"key":"SMITH"},{"data":"Consume","floor":15.0,"key":"SMITH"},{"floor":25,"key":"REST"},{"floor":32,"key":"REST"},{"floor":40,"key":"REST"}],"neow_cost":"NONE","seed_source_timestamp":0,"circlet_count":0,"master_deck":["AscendersBane","Defend_B","Defend_B","Zap","Dualcast","Coolheaded+1","Capacitor","Coolheaded","Consume+1","Ball Lightning","BootSequence","Capacitor","Adrenaline","Sweeping Beam+1","Sweeping Beam+1","Stack+1","Chill","PanicButton","Caltrops","Seek","Consume+1","Dark Shackles","Evolve"],"special_seed":0,"relics":["Cracked Core","NeowsBlessing","Lantern","Anchor","Kunai","Toy Ornithopter","Golden Idol","PrismaticShard","Astrolabe","Gremlin Horn","Ginger","Question Card","Omamori","Sozu"],"potions_floor_usage":[31,33,42],"damage_taken":[{"damage":0.0,"enemies":"Small Slimes","floor":1.0,"turns":1.0},{"damage":0.0,"enemies":"Cultist","floor":4.0,"turns":1.0},{"damage":0.0,"enemies":"3 Sentries","floor":6.0,"turns":1.0},{"damage":4.0,"enemies":"Lagavulin","floor":8.0,"turns":10.0},{"damage":26.0,"enemies":"Gremlin Nob","floor":10.0,"turns":4.0},{"damage":0.0,"enemies":"2 Louse","floor":12.0,"turns":1.0},{"damage":10.0,"enemies":"Hexaghost","floor":16.0,"turns":14.0},{"damage":1,"enemies":"Spheric Guardian","floor":18,"turns":4},{"damage":2,"enemies":"2 Thieves","floor":20,"turns":4},{"damage":46,"enemies":"Gremlin Leader","floor":23,"turns":7},{"damage":1,"enemies":"Snake Plant","floor":24,"turns":6},{"damage":0,"enemies":"Cultist and Chosen","floor":28,"turns":6},{"damage":2,"enemies":"Sentry and Sphere","floor":30,"turns":5},{"damage":8,"enemies":"Snecko","floor":31,"turns":7},{"damage":43,"enemies":"Collector","floor":33,"turns":13},{"damage":11,"enemies":"3 Darklings","floor":35,"turns":4},{"damage":16,"enemies":"Orb Walker","floor":37,"turns":4},{"damage":0,"enemies":"4 Shapes","floor":41,"turns":6},{"damage":78,"enemies":"Giant Head","floor":42,"turns":8}],"seed_played":"-5410457274433834018","potions_obtained":[{"floor":1.0,"key":"FocusPotion"},{"floor":3.0,"key":"PowerPotion"},{"floor":16,"key":"Swift Potion"},{"floor":20,"key":"SpeedPotion"},{"floor":33,"key":"ColorlessPotion"}],"is_trial":false,"path_per_floor":["M","?","?","M","$","E","R","E","T","E","?","M","$","?","R","B",null,"M","?","M","T","$","E","M","R","T","?","M","?","M","M","R","B",null,"M","?","M","?","?","R","M","E"],"character_chosen":"DEFECT","items_purchased":["Capacitor","Capacitor","PrismaticShard"],"campfire_rested":3,"item_purchase_floors":[5,13,13],"current_hp_per_floor":[64,57,57,57,57,57,57,53,53,27,27,27,27,32,32,22,59,58,58,56,56,56,10,9,30,30,30,30,30,28,25,46,8,55,44,44,28,28,28,49,49,0],"gold":1381,"neow_bonus":"THREE_ENEMY_KILL","is_prod":false,"is_daily":false,"chose_seed":false,"campfire_upgraded":2,"win_rate":0,"timestamp":1581773340,"path_taken":["M","?","?","?","$","E","R","E","T","E","?","M","$","?","R","BOSS","BOSS","M","?","M","?","$","E","M","R","T","?","M","?","?","M","R","BOSS","M","?","?","?","?","R","M","E"],"build_version":"2020-01-14","purchased_purges":1,"victory":false,"max_hp_per_floor":[71,71,71,71,71,71,71,71,71,71,66,66,66,71,71,71,71,71,71,71,71,71,71,71,71,71,71,71,71,71,71,71,71,71,71,71,71,71,71,71,71,71],"card_choices":[{"not_picked":["Storm","Leap"],"picked":"Coolheaded","floor":1.0},{"not_picked":["Scrape","Hologram","Redo"],"picked":"SKIP","floor":4.0},{"not_picked":["Redo","Conserve Battery"],"picked":"Coolheaded","floor":6.0},{"not_picked":["Darkness","BootSequence"],"picked":"Consume","floor":8.0},{"not_picked":["Conserve Battery","Go for the Eyes"],"picked":"Ball Lightning","floor":10.0},{"not_picked":["Storm","Steam"],"picked":"BootSequence","floor":12.0},{"not_picked":["Limit Break","Impervious"],"picked":"Adrenaline","floor":16},{"not_picked":["Sweeping Beam","Deflect","True Grit+1"],"picked":"SKIP","floor":18},{"not_picked":["Hologram","Fire Breathing","Havoc"],"picked":"SKIP","floor":20},{"not_picked":["EmptyBody+1","Footwork"],"picked":"PanicButton","floor":23},{"not_picked":["Machine Learning","Auto Shields","Halt"],"picked":"SKIP","floor":24},{"not_picked":["Sweeping Beam","Shrug It Off","Rage","Heatsinks"],"picked":"SKIP","floor":28},{"not_picked":["FlurryOfBlows","ForeignInfluence","Cloak And Dagger+1","Conserve Battery"],"picked":"SKIP","floor":30},{"not_picked":["Deflect","Sucker Punch","FTL"],"picked":"Caltrops","floor":31},{"not_picked":["Corruption","Venomology","Storm of Steel"],"picked":"Seek","floor":33},{"not_picked":["Rampage+1","Warcry","Poisoned Stab","Impatience"],"picked":"SKIP","floor":35},{"not_picked":["Deadly Poison","Acrobatics","Armaments","Hemokinesis"],"picked":"SKIP","floor":37},{"not_picked":["Finesse","The Bomb","Forethought"],"picked":"Dark Shackles","floor":39},{"not_picked":["Gash+1","Pommel Strike","Turbo"],"picked":"Evolve","floor":41}],"player_experience":278823,"relics_obtained":[{"floor":6.0,"key":"Lantern"},{"floor":8.0,"key":"Anchor"},{"floor":9.0,"key":"Kunai"},{"floor":10.0,"key":"Toy Ornithopter"},{"floor":21,"key":"Gremlin Horn"},{"floor":23,"key":"Ginger"},{"floor":26,"key":"Question Card"},{"floor":29,"key":"Omamori"}],"event_choices":[{"cards_removed":["Strike_B"],"damage_healed":0.0,"max_hp_gain":0.0,"max_hp_loss":0.0,"gold_gain":0.0,"event_name":"Golden Wing","player_choice":"Card Removal","floor":2.0,"gold_loss":0.0,"damage_taken":7.0},{"damage_healed":0.0,"max_hp_gain":0.0,"max_hp_loss":0.0,"gold_gain":0.0,"event_name":"Lab","player_choice":"Got Potions","floor":3.0,"gold_loss":0.0,"damage_taken":0.0},{"damage_healed":0.0,"max_hp_gain":0.0,"max_hp_loss":5.0,"gold_gain":0.0,"event_name":"Golden Idol","player_choice":"Lose Max HP","floor":11.0,"gold_loss":0.0,"damage_taken":0.0,"relics_obtained":["Golden Idol"]},{"damage_healed":0.0,"max_hp_gain":5.0,"max_hp_loss":0.0,"gold_gain":0.0,"event_name":"Big Fish","player_choice":"Donut","floor":14.0,"gold_loss":0.0,"damage_taken":0.0},{"damage_healed":0,"gold_gain":0,"cards_transformed":["Defend_B","Defend_B"],"player_choice":"Became Test Subject","damage_taken":0,"max_hp_gain":0,"max_hp_loss":0,"event_name":"Drug Dealer","floor":19,"gold_loss":0,"cards_obtained":["Genetic Algorithm","Chill"]},{"damage_healed":0,"gold_gain":0,"player_choice":"Ignored","damage_taken":0,"max_hp_gain":0,"max_hp_loss":0,"event_name":"Ghosts","floor":27,"gold_loss":0},{"damage_healed":0,"gold_gain":0,"player_choice":"Relic","damage_taken":0,"max_hp_gain":0,"max_hp_loss":0,"event_name":"Wheel of Change","floor":29,"gold_loss":0},{"damage_healed":0,"gold_gain":0,"player_choice":"Copied","damage_taken":0,"max_hp_gain":0,"max_hp_loss":0,"event_name":"Duplicator","floor":36,"gold_loss":0,"cards_obtained":["Consume"]},{"damage_healed":0,"gold_gain":999,"player_choice":"Gold","damage_taken":0,"max_hp_gain":0,"max_hp_loss":0,"event_name":"MindBloom","floor":38,"gold_loss":0,"cards_obtained":["Normality","Normality"]},{"damage_healed":0,"gold_gain":0,"player_choice":"Memory 1","damage_taken":0,"max_hp_gain":0,"max_hp_loss":0,"event_name":"SensoryStone","floor":39,"gold_loss":0}],"is_beta":false,"boss_relics":[{"not_picked":["Runic Pyramid","Busted Crown"],"picked":"Astrolabe"},{"not_picked":["Velvet Choker","Philosopher\u0027s Stone"],"picked":"Sozu"}],"items_purged_floors":[22],"is_endless":false,"potions_floor_spawned":[1,4,16,20,33,37,41],"killed_by":"Giant Head","ascension_level":14}