{"gold_per_floor":[111,186,30,43,43,75,75,0,0,0,35,55,230,242,242,242],"floor_reached":16,"playtime":649,"items_purged":["Strike_B"],"score":226,"play_id":"94f70da0-fa27-4f5c-8712-fc0afd8a0700","local_time":"20200215170711","is_ascension_mode":true,"campfire_choices":[{"data":"Reinforced Body","floor":7.0,"key":"SMITH"},{"data":"Zap","floor":10.0,"key":"SMITH"},{"floor":15.0,"key":"REST"}],"neow_cost":"NONE","seed_source_timestamp":0,"circlet_count":0,"master_deck":["AscendersBane","Strike_B","Strike_B","Defend_B","Defend_B","Defend_B","Defend_B","Zap+1","Dualcast","Compile Driver","Rebound","Reinforced Body+1","Reprogram","Conserve Battery","Doubt","Gash"],"special_seed":0,"relics":["Cracked Core","NeowsBlessing","Chemical X","Letter Opener","Question Card","Strawberry"],"potions_floor_usage":[16,16],"damage_taken":[{"damage":0.0,"enemies":"2 Louse","floor":1.0,"turns":1.0},{"damage":0.0,"enemies":"Small Slimes","floor":4.0,"turns":1.0},{"damage":0.0,"enemies":"Lagavulin","floor":6.0,"turns":1.0},{"damage":32.0,"enemies":"Gremlin Nob","floor":11.0,"turns":5.0},{"damage":7.0,"enemies":"Jaw Worm","floor":12.0,"turns":3.0},{"damage":1.0,"enemies":"Blue Slaver","floor":14.0,"turns":4.0},{"damage":44,"enemies":"The Guardian","floor":16,"turns":8}],"seed_played":"1031219353487952597","potions_obtained":[{"floor":11.0,"key":"Dexterity Potion"},{"floor":12.0,"key":"Dexterity Potion"}],"is_trial":false,"path_per_floor":["M","?","$","M","?","E","R","$","T","R","E","M","?","M","R","B"],"character_chosen":"DEFECT","items_purchased":["Chemical X"],"campfire_rested":1,"item_purchase_floors":[3],"current_hp_per_floor":[64,53,53,53,46,46,46,46,46,46,21,14,14,13,36,0],"gold":242,"neow_bonus":"THREE_ENEMY_KILL","is_prod":false,"is_daily":false,"chose_seed":false,"campfire_upgraded":2,"win_rate":0,"timestamp":1581768431,"path_taken":["M","?","$","M","?","E","R","$","T","R","E","M","?","M","R","BOSS"],"build_version":"2020-01-14","purchased_purges":1,"victory":false,"max_hp_per_floor":[71,71,71,71,71,71,71,71,71,71,78,78,78,78,78,78],"card_choices":[{"not_picked":["Redo","Sweeping Beam"],"picked":"Compile Driver","floor":1.0},{"not_picked":["Compile Driver","Conserve Battery"],"picked":"Rebound","floor":4.0},{"not_picked":["Electrodynamics","Machine Learning"],"picked":"Reinforced Body","floor":6.0},{"not_picked":["White Noise","Scrape","Undo"],"picked":"Reprogram","floor":11.0},{"not_picked":["Redo","Steam","Compile Driver"],"picked":"Conserve Battery","floor":12.0},{"not_picked":["Stack","Rebound","Sweeping Beam"],"picked":"Gash","floor":14.0}],"player_experience":277219,"relics_obtained":[{"floor":6.0,"key":"Letter Opener"},{"floor":9.0,"key":"Question Card"},{"floor":11.0,"key":"Strawberry"}],"event_choices":[{"damage_healed":0.0,"max_hp_gain":0.0,"max_hp_loss":0.0,"gold_gain":75.0,"event_name":"World of Goop","player_choice":"Gather Gold","floor":2.0,"gold_loss":0.0,"damage_taken":11.0},{"cards_removed":["Strike_B"],"damage_healed":0.0,"max_hp_gain":0.0,"max_hp_loss":0.0,"gold_gain":0.0,"event_name":"Golden Wing","player_choice":"Card Removal","floor":5.0,"gold_loss":0.0,"damage_taken":7.0},{"damage_healed":0.0,"max_hp_gain":0.0,"max_hp_loss":0.0,"gold_gain":175.0,"event_name":"Liars Game","player_choice":"AGREE","floor":13.0,"gold_loss":0.0,"damage_taken":0.0,"cards_obtained":["Doubt"]}],"is_beta":false,"boss_relics":[],"items_purged_floors":[8],"is_endless":false,"potions_floor_spawned":[11,12],"killed_by":"The Guardian","ascension_level":14}