{"gold_per_floor":[117,130,146,146,14,34,34,34,59,73,73,106,106,123,123,201,201,219,236,253,270,127,155,155,155,155,155,182,214,214,242,242,242],"floor_reached":33,"playtime":1120,"items_purged":[],"score":578,"play_id":"6ef87122-4c80-44ff-9a93-c78c01c56d8d","local_time":"20200218163901","is_ascension_mode":true,"campfire_choices":[{"data":"Coolheaded","floor":11,"key":"SMITH"},{"data":"Zap","floor":13,"key":"SMITH"},{"floor":15,"key":"REST"},{"floor":25,"key":"REST"},{"data":"Biased Cognition","floor":30,"key":"SMITH"},{"floor":32,"key":"REST"}],"neow_cost":"NONE","seed_source_timestamp":19779223967200,"circlet_count":0,"master_deck":["AscendersBane","Strike_B+1","Strike_B+1","Defend_B+1","Defend_B+1","Defend_B+1","Defend_B+1","Zap+1","Dualcast","Thunder Strike","Reinforced Body","Ball Lightning","Capacitor","Cold Snap","Biased Cognition+1","Coolheaded+1","Capacitor","Reboot","Electrodynamics","Turbo","Tempest+1","Glacier+1","Glacier","Barrage+1","Buffer","Core Surge"],"relics":["Cracked Core","PreservedInsect","Happy Flower","Empty Cage","Orrery","Pen Nib","Centennial Puzzle","Red Mask","Vajra","InkBottle"],"potions_floor_usage":[16,18,28,29,31],"damage_taken":[{"damage":0,"enemies":"Small Slimes","floor":1,"turns":3},{"damage":4,"enemies":"2 Louse","floor":2,"turns":3},{"damage":0,"enemies":"Jaw Worm","floor":3,"turns":2},{"damage":12,"enemies":"Blue Slaver","floor":6,"turns":4},{"damage":8,"enemies":"Exordium Thugs","floor":10,"turns":3},{"damage":22,"enemies":"Lagavulin","floor":12,"turns":4},{"damage":4,"enemies":"Large Slime","floor":14,"turns":5},{"damage":18,"enemies":"The Guardian","floor":16,"turns":9},{"damage":1,"enemies":"3 Byrds","floor":18,"turns":4},{"damage":0,"enemies":"Chosen","floor":19,"turns":4},{"damage":12,"enemies":"Snecko","floor":20,"turns":5},{"damage":7,"enemies":"Cultist and Chosen","floor":21,"turns":5},{"damage":14,"enemies":"Book of Stabbing","floor":23,"turns":5},{"damage":0,"enemies":"Masked Bandits","floor":28,"turns":2},{"damage":6,"enemies":"Slavers","floor":29,"turns":4},{"damage":0,"enemies":"Book of Stabbing","floor":31,"turns":4},{"damage":63,"enemies":"Automaton","floor":33,"turns":8}],"seed_played":"9122219618148485655","potions_obtained":[{"floor":2,"key":"SpeedPotion"},{"floor":6,"key":"PowerPotion"},{"floor":12,"key":"Block Potion"},{"floor":18,"key":"Explosive Potion"},{"floor":23,"key":"Energy Potion"},{"floor":28,"key":"SkillPotion"}],"is_trial":false,"path_per_floor":["M","M","M","?","$","M","?","$","T","M","R","E","R","M","R","B",null,"M","M","M","M","$","E","?","R","T","?","?","E","R","E","R","B"],"character_chosen":"DEFECT","items_purchased":["Capacitor","Cold Snap","Orrery"],"campfire_rested":3,"item_purchase_floors":[5,5,22],"current_hp_per_floor":[64,60,60,60,60,48,48,48,48,40,40,18,18,14,35,17,58,57,57,45,38,38,24,24,45,45,45,45,39,39,39,60,0],"gold":242,"neow_bonus":"ONE_RANDOM_RARE_CARD","is_prod":false,"is_daily":false,"chose_seed":false,"campfire_upgraded":3,"win_rate":0,"timestamp":1582025941,"path_taken":["M","M","M","?","$","M","?","$","T","M","R","E","R","M","R","BOSS","M","M","M","M","$","E","?","R","T","?","?","E","R","E","R","BOSS"],"build_version":"2020-01-14","purchased_purges":0,"victory":false,"max_hp_per_floor":[71,71,71,71,71,71,71,71,71,71,71,71,71,71,71,71,71,71,71,71,71,71,71,71,71,71,71,71,71,71,71,71,71],"card_choices":[{"not_picked":["Beam Cell","Barrage"],"picked":"Reinforced Body","floor":1},{"not_picked":["Conserve Battery","Static Discharge"],"picked":"Ball Lightning","floor":2},{"not_picked":["Sweeping Beam","Conserve Battery","Reprogram"],"picked":"SKIP","floor":3},{"not_picked":["Recycle","Stack"],"picked":"Biased Cognition","floor":6},{"not_picked":["Ball Lightning","FTL"],"picked":"Coolheaded","floor":10},{"not_picked":["Melter","Leap"],"picked":"Capacitor","floor":12},{"not_picked":["Leap","Doom and Gloom"],"picked":"Reboot","floor":14},{"not_picked":["Echo Form","Buffer"],"picked":"Electrodynamics","floor":16},{"not_picked":["Aggregate","Hologram"],"picked":"Turbo","floor":18},{"not_picked":["Turbo","Static Discharge"],"picked":"Tempest+1","floor":19},{"not_picked":["Conserve Battery+1","Chaos+1"],"picked":"Glacier+1","floor":20},{"not_picked":["Beam Cell","Leap","Conserve Battery"],"picked":"SKIP","floor":21},{"not_picked":["Undo","Fusion"],"picked":"Glacier","floor":22},{"not_picked":["Compile Driver","Darkness"],"picked":"Barrage+1","floor":22},{"not_picked":["Barrage","Heatsinks"],"picked":"Buffer","floor":22},{"not_picked":["Barrage","Hologram","Sweeping Beam"],"picked":"SKIP","floor":23},{"not_picked":["Coolheaded","Undo"],"picked":"Core Surge","floor":29},{"not_picked":["Doom and Gloom","Hologram","Turbo"],"picked":"SKIP","floor":31}],"player_experience":296150,"relics_obtained":[{"floor":12,"key":"Happy Flower"},{"floor":23,"key":"Pen Nib"},{"floor":26,"key":"Centennial Puzzle"},{"floor":28,"key":"Red Mask"},{"floor":29,"key":"Vajra"},{"floor":31,"key":"InkBottle"}],"event_choices":[{"damage_healed":0,"gold_gain":0,"player_choice":"Box","damage_taken":0,"relics_obtained":["PreservedInsect"],"max_hp_gain":0,"max_hp_loss":0,"event_name":"Big Fish","floor":4,"gold_loss":0,"cards_obtained":["Regret"]},{"cards_removed":["Regret"],"damage_healed":0,"gold_gain":0,"player_choice":"Forget","damage_taken":0,"max_hp_gain":0,"max_hp_loss":0,"event_name":"Living Wall","floor":7,"gold_loss":0},{"damage_healed":0,"gold_gain":0,"player_choice":"Ignored","damage_taken":0,"max_hp_gain":0,"max_hp_loss":0,"event_name":"Beggar","floor":24,"gold_loss":0},{"damage_healed":0,"gold_gain":0,"player_choice":"Simplicity","damage_taken":0,"max_hp_gain":0,"max_hp_loss":0,"event_name":"Back to Basics","floor":27,"gold_loss":0,"cards_upgraded":["Strike_B","Strike_B","Defend_B","Defend_B","Defend_B","Defend_B"]},{"damage_healed":0,"gold_gain":0,"player_choice":"Fought Bandits","damage_taken":0,"max_hp_gain":0,"max_hp_loss":0,"event_name":"Masked Bandits","floor":28,"gold_loss":0}],"is_beta":false,"boss_relics":[{"not_picked":["Coffee Dripper","Nuclear Battery"],"picked":"Empty Cage"}],"items_purged_floors":[],"is_endless":false,"potions_floor_spawned":[2,6,12,18,23,28],"killed_by":"Automaton","ascension_level":15}