{"gold_per_floor":[113,113,130,55,65,96,96,123,203,216,216,366,366,366,366,437,437,447,447,372,372,388,388,313,328,328,328,228,228,245,9,9,83,83,103,27,27,352,242,242,242,270,270,64,92,92,92,106,106,106],"floor_reached":51,"playtime":2387,"items_purged":["Zap","Defend_B","Defend_B"],"score":1328,"play_id":"179d06d7-05f3-411d-a7e4-c67c6a632643","local_time":"20200314112249","is_ascension_mode":true,"campfire_choices":[{"floor":7.0,"key":"REST"},{"floor":11.0,"key":"REST"},{"data":"Chill","floor":13.0,"key":"SMITH"},{"data":"Coolheaded","floor":15.0,"key":"SMITH"},{"data":"Barrage","floor":23.0,"key":"SMITH"},{"data":"Echo Form","floor":27.0,"key":"SMITH"},{"floor":32.0,"key":"REST"},{"floor":40.0,"key":"REST"},{"data":"Dualcast","floor":47,"key":"PURGE"},{"data":"Steam","floor":49,"key":"PURGE"}],"neow_cost":"NONE","seed_source_timestamp":5353431315000,"circlet_count":0,"master_deck":["AscendersBane","Chill+1","Coolheaded+1","Turbo","Coolheaded","Self Repair","Reboot+1","Echo Form+1","Barrage+1","Barrage+1","Beam Cell","Glacier+1","Deep Breath","Rainbow","Consume+1","Defragment","Loop","Capacitor"],"special_seed":0,"relics":["Emotion Chip","Juzu Bracelet","Mummified Hand","Pantograph","Inserter","Nloth\u0027s Gift","Gremlin Horn","ClockworkSouvenir","Fusion Hammer","Old Coin","Symbiotic Virus","Singing Bowl","Peace Pipe","Lantern"],"potions_floor_usage":[],"damage_taken":[{"damage":5.0,"enemies":"Small Slimes","floor":1.0,"turns":3.0},{"damage":5.0,"enemies":"Jaw Worm","floor":3.0,"turns":3.0},{"damage":0.0,"enemies":"2 Louse","floor":5.0,"turns":2.0},{"damage":38.0,"enemies":"Gremlin Nob","floor":6.0,"turns":5.0},{"damage":14.0,"enemies":"Lagavulin","floor":8.0,"turns":12.0},{"damage":13.0,"enemies":"Large Slime","floor":10.0,"turns":10.0},{"damage":76.0,"enemies":"The Guardian","floor":16.0,"turns":22.0},{"damage":13.0,"enemies":"Shell Parasite","floor":18.0,"turns":14.0},{"damage":7.0,"enemies":"Chosen","floor":22.0,"turns":7.0},{"damage":26.0,"enemies":"Snake Plant","floor":25.0,"turns":7.0},{"damage":8.0,"enemies":"Shelled Parasite and Fungi","floor":30.0,"turns":5.0},{"damage":15.0,"enemies":"Automaton","floor":33.0,"turns":9.0},{"damage":3.0,"enemies":"3 Shapes","floor":35.0,"turns":7.0},{"damage":22.0,"enemies":"Mind Bloom Boss Battle","floor":38.0,"turns":10.0},{"damage":0.0,"enemies":"Giant Head","floor":42.0,"turns":10.0},{"damage":0.0,"enemies":"Reptomancer","floor":45.0,"turns":8.0},{"damage":7,"enemies":"Orb Walker","floor":48,"turns":3},{"damage":11,"enemies":"Awakened One","floor":50,"turns":11}],"seed_played":"901320204190012103","potions_obtained":[{"floor":1.0,"key":"FocusPotion"},{"floor":5.0,"key":"EssenceOfSteel"},{"floor":8.0,"key":"SteroidPotion"},{"floor":10.0,"key":"FairyPotion"},{"floor":22.0,"key":"SteroidPotion"},{"floor":33.0,"key":"FairyPotion"},{"floor":35.0,"key":"EntropicBrew"},{"floor":38.0,"key":"FairyPotion"}],"is_trial":false,"path_per_floor":["M","?","M","?","M","E","R","E","T","M","R","?","R","T","R","B",null,"M","?","?","?","M","R","$","M","T","R","$","?","M","$","R","B",null,"M","$","?","?","?","R","?","E","T","$","E","?","R","M","R","B",null],"character_chosen":"DEFECT","items_purchased":["ClockworkSouvenir","Deep Breath","Consume","Loop"],"campfire_rested":4,"item_purchase_floors":[31,31,36,44],"current_hp_per_floor":[59,52,47,47,47,9,30,23,23,17,38,38,38,38,38,28,60,54,54,54,54,54,54,54,35,35,35,35,35,34,34,55,63,69,71,71,71,56,56,71,71,73,73,73,75,77,77,77,77,73],"gold":106,"neow_bonus":"THREE_CARDS","is_prod":false,"is_daily":false,"chose_seed":false,"campfire_upgraded":4,"win_rate":0,"timestamp":1584166969,"path_taken":["M","?","M","?","M","E","R","E","T","M","R","?","R","?","R","BOSS","M","?","?","?","M","R","$","M","T","R","$","?","M","?","R","BOSS","M","$","?","?","?","R","?","E","T","$","E","?","R","M","R","BOSS"],"build_version":"2020-01-14","purchased_purges":3,"victory":true,"max_hp_per_floor":[71,71,71,71,71,71,71,71,71,71,71,71,71,71,71,71,71,71,71,71,71,71,71,71,71,71,71,71,71,71,71,71,71,71,71,71,71,71,71,71,71,73,73,73,75,77,77,77,77,77],"card_choices":[{"not_picked":["Coolheaded","Compile Driver"],"picked":"Chill","floor":0.0},{"not_picked":["Double Energy","Doom and Gloom"],"picked":"Coolheaded","floor":1.0},{"not_picked":["Rip and Tear","Undo"],"picked":"Turbo","floor":3.0},{"not_picked":["Genetic Algorithm","Skim"],"picked":"Coolheaded","floor":5.0},{"not_picked":["Seek","Lockon"],"picked":"Self Repair","floor":6.0},{"not_picked":["Leap","Fusion"],"picked":"Reboot","floor":8.0},{"not_picked":["Lockon","Streamline","Stack"],"picked":"SKIP","floor":10.0},{"not_picked":["Reboot","Thunder Strike"],"picked":"Echo Form","floor":16.0},{"not_picked":["Coolheaded","Tempest"],"picked":"Barrage+1","floor":18.0},{"not_picked":["Conserve Battery","Doom and Gloom"],"picked":"Beam Cell","floor":22.0},{"not_picked":["Hologram","Reinforced Body"],"picked":"Glacier+1","floor":25.0},{"not_picked":["Chaos","Hologram","Tempest+1"],"picked":"SKIP","floor":30.0},{"not_picked":["Amplify","Hyperbeam"],"picked":"Rainbow","floor":33.0},{"not_picked":["Sweeping Beam+1","Recycle","Hello World"],"picked":"SKIP","floor":35.0},{"not_picked":["Barrage","Streamline+1"],"picked":"Defragment","floor":38.0},{"not_picked":["Electrodynamics","Beam Cell","Double Energy"],"picked":"Singing Bowl","floor":42.0},{"not_picked":["Double Energy","Gash","Sweeping Beam"],"picked":"Singing Bowl","floor":45.0},{"not_picked":["Forethought","Bandage Up","Madness"],"picked":"Singing Bowl","floor":46.0},{"not_picked":["Reinforced Body","Rainbow"],"picked":"Capacitor","floor":48}],"player_experience":319234,"relics_obtained":[{"floor":6.0,"key":"Emotion Chip"},{"floor":8.0,"key":"Juzu Bracelet"},{"floor":9.0,"key":"Mummified Hand"},{"floor":14.0,"key":"Pantograph"},{"floor":26.0,"key":"Gremlin Horn"},{"floor":38.0,"key":"Old Coin"},{"floor":42.0,"key":"Singing Bowl"},{"floor":43.0,"key":"Peace Pipe"},{"floor":45.0,"key":"Lantern"}],"event_choices":[{"cards_removed":["Strike_B"],"damage_healed":0.0,"max_hp_gain":0.0,"max_hp_loss":0.0,"gold_gain":0.0,"event_name":"Golden Wing","player_choice":"Card Removal","floor":2.0,"gold_loss":0.0,"damage_taken":7.0},{"cards_removed":["Strike_B"],"damage_healed":0.0,"max_hp_gain":0.0,"max_hp_loss":0.0,"gold_gain":0.0,"event_name":"The Cleric","player_choice":"Card Removal","floor":4.0,"gold_loss":75.0,"damage_taken":0.0},{"damage_healed":0.0,"max_hp_gain":0.0,"max_hp_loss":0.0,"gold_gain":150.0,"event_name":"Liars Game","player_choice":"AGREE","floor":12.0,"gold_loss":0.0,"damage_taken":0.0,"cards_obtained":["Doubt"]},{"damage_healed":0.0,"max_hp_gain":0.0,"max_hp_loss":0.0,"gold_gain":0.0,"event_name":"N\u0027loth","player_choice":"Traded Relic","floor":19.0,"relics_lost":["Cracked Core"],"gold_loss":0.0,"damage_taken":0.0,"relics_obtained":["Nloth\u0027s Gift"]},{"cards_removed":["Doubt"],"damage_healed":0.0,"max_hp_gain":0.0,"max_hp_loss":0.0,"gold_gain":0.0,"event_name":"Beggar","player_choice":"Gave Gold","floor":20.0,"gold_loss":75.0,"damage_taken":0.0},{"damage_healed":0.0,"max_hp_gain":0.0,"max_hp_loss":0.0,"gold_gain":0.0,"cards_transformed":["Strike_B","Strike_B"],"event_name":"Drug Dealer","player_choice":"Became Test Subject","floor":21.0,"gold_loss":0.0,"damage_taken":0.0,"cards_obtained":["Barrage","Steam"]},{"cards_removed":["Defend_B"],"damage_healed":0.0,"max_hp_gain":0.0,"max_hp_loss":0.0,"gold_gain":0.0,"event_name":"Back to Basics","player_choice":"Elegance","floor":29.0,"gold_loss":0.0,"damage_taken":0.0},{"damage_healed":0.0,"max_hp_gain":0.0,"max_hp_loss":0.0,"gold_gain":0.0,"event_name":"Upgrade Shrine","player_choice":"Upgraded","floor":37.0,"gold_loss":0.0,"damage_taken":0.0,"cards_upgraded":["Consume"]},{"damage_healed":0.0,"max_hp_gain":0.0,"max_hp_loss":0.0,"gold_gain":0.0,"event_name":"MindBloom","player_choice":"Fight","floor":38.0,"gold_loss":0.0,"damage_taken":0.0},{"cards_removed":["Defend_B"],"damage_healed":0.0,"max_hp_gain":0.0,"max_hp_loss":0.0,"gold_gain":0.0,"event_name":"Designer","player_choice":"Upgrade and Remove","floor":39.0,"gold_loss":110.0,"damage_taken":0.0,"cards_upgraded":["Reboot"]},{"damage_healed":0.0,"max_hp_gain":0.0,"max_hp_loss":0.0,"gold_gain":0.0,"event_name":"WeMeetAgain","player_choice":"Gave Potion","floor":41.0,"gold_loss":0.0,"damage_taken":0.0,"relics_obtained":["Symbiotic Virus"]},{"damage_healed":0.0,"max_hp_gain":0.0,"max_hp_loss":0.0,"gold_gain":0.0,"event_name":"SensoryStone","player_choice":"Memory 1","floor":46.0,"gold_loss":0.0,"damage_taken":0.0}],"is_beta":false,"boss_relics":[{"not_picked":["FrozenCore","Empty Cage"],"picked":"Inserter"},{"not_picked":["Tiny House","Philosopher\u0027s Stone"],"picked":"Fusion Hammer"}],"items_purged_floors":[24,28,44],"is_endless":false,"potions_floor_spawned":[1,5,8,10,22,33,35,38],"ascension_level":15}