{"gold_per_floor":[118,42,61,136,136,61,91,105,105,155,169,194,210,224,224,298,298,317,317,336,350,92,92,121,121,146,164,178,178,189,206,206,280,280,294,311,360,360,235,235,235,235,259,285,295,310,310,160,160,160],"floor_reached":51,"playtime":1958,"items_purged":["Strike_B","Defend_B","Strike_B","Leap"],"score":1396,"play_id":"91e229a1-c0f3-4e26-9abf-3fc9c50307c9","local_time":"20200321165424","is_ascension_mode":true,"campfire_choices":[{"data":"Defragment","floor":15.0,"key":"SMITH"},{"data":"Blizzard","floor":23,"key":"SMITH"},{"floor":25,"key":"REST"},{"data":"Buffer","floor":32,"key":"SMITH"},{"data":"Chill","floor":40,"key":"SMITH"},{"data":"Capacitor","floor":42,"key":"SMITH"},{"data":"Defragment","floor":47,"key":"SMITH"},{"floor":49,"key":"REST"}],"neow_cost":"NONE","seed_source_timestamp":8433331337199,"circlet_count":0,"master_deck":["AscendersBane","Zap","Dualcast","Glacier","Defragment+1","Blizzard+1","Loop","Genetic Algorithm","Electrodynamics","Chill+1","Buffer+1","Capacitor+1","Biased Cognition","Tempest","Seek","Creative AI","BootSequence+1","BootSequence","Defragment+1"],"special_seed":0,"relics":["Cracked Core","NeowsBlessing","Matryoshka","Singing Bowl","Meat on the Bone","Girya","Snecko Eye","Enchiridion","Omamori","Red Mask","Art of War","Oddly Smooth Stone","Empty Cage","StoneCalendar","Strawberry","Bottled Flame"],"potions_floor_usage":[33,36,50],"damage_taken":[{"damage":0.0,"enemies":"Cultist","floor":1.0,"turns":1.0},{"damage":0.0,"enemies":"Jaw Worm","floor":3.0,"turns":1.0},{"damage":0.0,"enemies":"Gremlin Nob","floor":7.0,"turns":1.0},{"damage":10.0,"enemies":"Small Slimes","floor":8.0,"turns":4.0},{"damage":19.0,"enemies":"Exordium Wildlife","floor":11.0,"turns":7.0},{"damage":4.0,"enemies":"Lagavulin","floor":12.0,"turns":8.0},{"damage":0.0,"enemies":"2 Fungi Beasts","floor":13.0,"turns":5.0},{"damage":8.0,"enemies":"Large Slime","floor":14.0,"turns":6.0},{"damage":31.0,"enemies":"Hexaghost","floor":16.0,"turns":12.0},{"damage":10,"enemies":"Shell Parasite","floor":18,"turns":10},{"damage":12,"enemies":"3 Byrds","floor":20,"turns":2},{"damage":7,"enemies":"Snecko","floor":21,"turns":7},{"damage":34,"enemies":"Masked Bandits","floor":24,"turns":4},{"damage":0,"enemies":"Snake Plant","floor":27,"turns":4},{"damage":1,"enemies":"Sentry and Sphere","floor":28,"turns":4},{"damage":0,"enemies":"3 Cultists","floor":30,"turns":3},{"damage":0,"enemies":"Snake Plant","floor":31,"turns":3},{"damage":0,"enemies":"Automaton","floor":33,"turns":10},{"damage":0,"enemies":"3 Shapes","floor":35,"turns":3},{"damage":0,"enemies":"Orb Walker","floor":36,"turns":4},{"damage":0,"enemies":"2 Orb Walkers","floor":37,"turns":3},{"damage":5,"enemies":"Giant Head","floor":44,"turns":12},{"damage":0,"enemies":"4 Shapes","floor":45,"turns":2},{"damage":40,"enemies":"Jaw Worm Horde","floor":46,"turns":4},{"damage":17,"enemies":"Donu and Deca","floor":50,"turns":6}],"seed_played":"3277835152659852584","potions_obtained":[{"floor":1.0,"key":"Fruit Juice"},{"floor":3.0,"key":"PotionOfCapacity"},{"floor":7.0,"key":"Strength Potion"},{"floor":14.0,"key":"PowerPotion"},{"floor":16.0,"key":"SpeedPotion"},{"floor":21,"key":"SteroidPotion"},{"floor":31,"key":"FocusPotion"},{"floor":33,"key":"Energy Potion"},{"floor":36,"key":"FearPotion"}],"is_trial":false,"path_per_floor":["M","$","M","?","?","$","E","M","T","?","M","E","M","M","R","B",null,"M","?","M","M","$","R","?","R","T","M","M","?","M","M","R","B",null,"M","M","?","?","$","R","?","R","T","E","M","M","R","$","R","B",null],"character_chosen":"DEFECT","items_purchased":["Defragment","Omamori"],"campfire_rested":2,"item_purchase_floors":[2,22],"current_hp_per_floor":[69,69,69,58,58,58,58,48,48,48,41,51,51,43,43,24,65,55,34,36,41,41,41,21,45,45,47,48,48,50,50,50,50,79,81,83,83,83,83,83,83,83,90,87,89,61,61,61,91,74],"gold":160,"neow_bonus":"THREE_ENEMY_KILL","is_prod":false,"is_daily":false,"chose_seed":false,"campfire_upgraded":6,"win_rate":0,"timestamp":1584791664,"path_taken":["M","$","M","?","?","$","E","?","T","?","?","E","M","M","R","BOSS","M","?","M","M","$","R","?","R","T","M","M","?","?","M","R","BOSS","M","M","?","?","$","R","?","R","T","E","M","?","R","$","R","BOSS"],"build_version":"2020-01-14","purchased_purges":4,"victory":true,"max_hp_per_floor":[76,76,76,76,76,76,76,76,76,76,76,78,78,78,78,78,78,78,78,80,80,80,80,82,82,82,84,86,86,88,88,88,88,88,90,92,92,92,92,92,92,92,99,101,103,103,103,103,103,103],"card_choices":[{"not_picked":["Fusion","Redo"],"picked":"Glacier","floor":1.0},{"not_picked":["Rip and Tear","Ball Lightning"],"picked":"Blizzard","floor":3.0},{"not_picked":["Hello World","Hologram"],"picked":"Loop","floor":7.0},{"not_picked":["Scrape","Conserve Battery"],"picked":"Turbo","floor":8.0},{"not_picked":["Reprogram","Compile Driver"],"picked":"Genetic Algorithm","floor":11.0},{"not_picked":["Storm","Recycle","Sunder"],"picked":"Singing Bowl","floor":12.0},{"not_picked":["Go for the Eyes","Sunder"],"picked":"Electrodynamics","floor":13.0},{"not_picked":["Cold Snap","Coolheaded"],"picked":"Chill","floor":14.0},{"not_picked":["Echo Form","Machine Learning"],"picked":"Buffer","floor":16.0},{"not_picked":["Leap","Redo"],"picked":"Capacitor","floor":18},{"not_picked":["Turbo","Stack+1","Barrage"],"picked":"Singing Bowl","floor":20},{"not_picked":["Redo","Turbo+1"],"picked":"Biased Cognition","floor":21},{"not_picked":["Conserve Battery","Sweeping Beam","Gash"],"picked":"Singing Bowl","floor":24},{"not_picked":["Storm+1","Rebound","Turbo"],"picked":"Singing Bowl","floor":27},{"not_picked":["Gash","Doom and Gloom","Static Discharge"],"picked":"Singing Bowl","floor":28},{"not_picked":["Aggregate","Turbo","Gash"],"picked":"Singing Bowl","floor":30},{"not_picked":["Coolheaded","Ball Lightning"],"picked":"Seek","floor":31},{"not_picked":["Rainbow","Buffer"],"picked":"Creative AI","floor":33},{"not_picked":["Coolheaded","Hologram","Barrage"],"picked":"Singing Bowl","floor":35},{"not_picked":["Coolheaded+1","Compile Driver","Cold Snap"],"picked":"Singing Bowl","floor":36},{"not_picked":["Go for the Eyes","Blizzard+1"],"picked":"BootSequence+1","floor":37},{"not_picked":["Gash","Scrape","Redo+1"],"picked":"Singing Bowl","floor":44},{"not_picked":["Cold Snap","Consume","Rebound"],"picked":"Singing Bowl","floor":45},{"not_picked":["Fusion","Cold Snap"],"picked":"Defragment","floor":46}],"player_experience":337637,"relics_obtained":[{"floor":7.0,"key":"Matryoshka"},{"floor":9.0,"key":"Singing Bowl"},{"floor":9.0,"key":"Meat on the Bone"},{"floor":12.0,"key":"Girya"},{"floor":19,"key":"Enchiridion"},{"floor":24,"key":"Red Mask"},{"floor":26,"key":"Art of War"},{"floor":26,"key":"Oddly Smooth Stone"},{"floor":37,"key":"StoneCalendar"},{"floor":43,"key":"Strawberry"},{"floor":44,"key":"Bottled Flame"}],"event_choices":[{"damage_healed":0.0,"max_hp_gain":0.0,"max_hp_loss":0.0,"gold_gain":75.0,"event_name":"World of Goop","player_choice":"Gather Gold","floor":4.0,"gold_loss":0.0,"damage_taken":11.0},{"cards_removed":["Strike_B"],"damage_healed":0.0,"max_hp_gain":0.0,"max_hp_loss":0.0,"gold_gain":0.0,"event_name":"Bonfire Elementals","player_choice":"Offered Basic","floor":5.0,"gold_loss":0.0,"damage_taken":0.0},{"damage_healed":0.0,"max_hp_gain":0.0,"max_hp_loss":0.0,"gold_gain":50.0,"event_name":"Golden Shrine","player_choice":"Pray","floor":10.0,"gold_loss":0.0,"damage_taken":0.0},{"damage_healed":0,"gold_gain":0,"player_choice":"Obtained Book","damage_taken":21,"max_hp_gain":0,"max_hp_loss":0,"event_name":"Cursed Tome","floor":19,"gold_loss":0},{"damage_healed":0,"gold_gain":0,"player_choice":"Fought Bandits","damage_taken":0,"max_hp_gain":0,"max_hp_loss":0,"event_name":"Masked Bandits","floor":24,"gold_loss":0},{"damage_healed":0,"gold_gain":0,"cards_transformed":["Defend_B","Strike_B"],"player_choice":"Became Test Subject","damage_taken":0,"max_hp_gain":0,"max_hp_loss":0,"event_name":"Drug Dealer","floor":29,"gold_loss":0,"cards_obtained":["Leap","Tempest"]},{"damage_healed":0,"gold_gain":0,"player_choice":"Fight","damage_taken":0,"max_hp_gain":0,"max_hp_loss":0,"event_name":"Mysterious Sphere","floor":37,"gold_loss":0},{"cards_removed":["Turbo"],"damage_healed":0,"gold_gain":0,"player_choice":"Removed Skill","damage_taken":0,"max_hp_gain":0,"max_hp_loss":0,"event_name":"Falling","floor":38,"gold_loss":0},{"damage_healed":0,"gold_gain":0,"player_choice":"1 cards matched","damage_taken":0,"max_hp_gain":0,"max_hp_loss":0,"event_name":"Match and Keep!","floor":41,"gold_loss":0,"cards_obtained":["BootSequence"]}],"is_beta":false,"boss_relics":[{"not_picked":["Nuclear Battery","Philosopher\u0027s Stone"],"picked":"Snecko Eye"},{"not_picked":["Runic Dome","FrozenCore"],"picked":"Empty Cage"}],"items_purged_floors":[6,22,39,48],"is_endless":false,"potions_floor_spawned":[1,3,7,14,16,21,24,31,33,35,36],"ascension_level":17}