{"gold_per_floor":[361,286,286,302,320,320,348,376,412,424,454,99,99,110,110,183,183,201,212,212,212],"floor_reached":21,"playtime":712,"items_purged":["Defend_B"],"score":344,"play_id":"5b75b0ad-4616-49fc-a64f-a44d371f05c7","local_time":"20200322103218","is_ascension_mode":true,"campfire_choices":[{"floor":6.0,"key":"REST"},{"floor":13.0,"key":"REST"},{"data":"Defragment","floor":15.0,"key":"SMITH"}],"neow_cost":"CURSE","seed_source_timestamp":2517772967300,"circlet_count":0,"master_deck":["AscendersBane","Strike_B","Strike_B+1","Strike_B","Strike_B","Defend_B","Defend_B","Zap","Dualcast","Clumsy","Genetic Algorithm+1","Coolheaded","Core Surge","Coolheaded","Ball Lightning","Glacier","Defragment+1","Double Energy","Reboot","Barrage"],"special_seed":0,"relics":["Cracked Core","MawBank","Regal Pillow","Runic Capacitor","Black Star"],"potions_floor_usage":[21],"damage_taken":[{"damage":4.0,"enemies":"Jaw Worm","floor":1.0,"turns":4.0},{"damage":16.0,"enemies":"2 Louse","floor":4.0,"turns":3.0},{"damage":1.0,"enemies":"Small Slimes","floor":5.0,"turns":3.0},{"damage":9.0,"enemies":"Gremlin Nob","floor":7.0,"turns":3.0},{"damage":16.0,"enemies":"Exordium Wildlife","floor":8.0,"turns":6.0},{"damage":15.0,"enemies":"Gremlin Gang","floor":11.0,"turns":7.0},{"damage":10.0,"enemies":"Blue Slaver","floor":14.0,"turns":3.0},{"damage":6.0,"enemies":"The Guardian","floor":16.0,"turns":11.0},{"damage":1.0,"enemies":"Chosen","floor":18.0,"turns":5.0},{"damage":18.0,"enemies":"2 Thieves","floor":19.0,"turns":4.0},{"damage":42,"enemies":"Masked Bandits","floor":21,"turns":3}],"seed_played":"8840877338405679899","potions_obtained":[{"floor":4.0,"key":"DistilledChaos"},{"floor":5.0,"key":"AttackPotion"},{"floor":14.0,"key":"Swift Potion"},{"floor":16.0,"key":"Dexterity Potion"}],"is_trial":false,"path_per_floor":["M","?","?","M","M","R","E","M","T","?","M","$","R","M","R","B",null,"M","M","?","?"],"character_chosen":"DEFECT","items_purchased":["Glacier","Defragment","Runic Capacitor"],"campfire_rested":2,"item_purchase_floors":[12,12,12],"current_hp_per_floor":[60,60,39,23,22,43,34,18,18,18,3,3,39,29,29,23,59,58,40,40,0],"gold":212,"neow_bonus":"TWO_FIFTY_GOLD","is_prod":false,"is_daily":false,"chose_seed":false,"campfire_upgraded":1,"win_rate":0,"timestamp":1584855138,"path_taken":["M","?","?","M","M","R","E","M","T","?","M","$","R","M","R","BOSS","M","M","?","?"],"build_version":"2020-01-14","purchased_purges":1,"victory":false,"max_hp_per_floor":[71,71,71,71,71,71,71,71,71,71,71,71,71,71,71,71,71,71,71,71,71],"card_choices":[{"not_picked":["Turbo","Stack"],"picked":"Genetic Algorithm","floor":1.0},{"not_picked":["Ball Lightning","Beam Cell"],"picked":"Coolheaded","floor":4.0},{"not_picked":["Gash","Compile Driver"],"picked":"Core Surge","floor":5.0},{"not_picked":["Sunder","Ball Lightning"],"picked":"Coolheaded","floor":7.0},{"not_picked":["Beam Cell","Compile Driver","Reprogram"],"picked":"SKIP","floor":8.0},{"not_picked":["Go for the Eyes","Stack"],"picked":"Ball Lightning","floor":11.0},{"not_picked":["Scrape","Aggregate"],"picked":"Double Energy","floor":14.0},{"not_picked":["Fission","Core Surge"],"picked":"Reboot","floor":16.0},{"not_picked":["Consume","Conserve Battery"],"picked":"Barrage","floor":18.0},{"not_picked":["Go for the Eyes","Gash","Redo"],"picked":"SKIP","floor":19.0}],"player_experience":341363,"relics_obtained":[{"floor":7.0,"key":"MawBank"},{"floor":9.0,"key":"Regal Pillow"}],"event_choices":[{"cards_removed":["Defend_B"],"damage_healed":0.0,"max_hp_gain":0.0,"max_hp_loss":0.0,"gold_gain":0.0,"event_name":"The Cleric","player_choice":"Card Removal","floor":2.0,"gold_loss":75.0,"damage_taken":0.0},{"damage_healed":0.0,"max_hp_gain":0.0,"max_hp_loss":0.0,"gold_gain":0.0,"event_name":"Shining Light","player_choice":"Entered Light","floor":3.0,"gold_loss":0.0,"damage_taken":21.0,"cards_upgraded":["Strike_B","Genetic Algorithm"]},{"damage_healed":0.0,"max_hp_gain":0.0,"max_hp_loss":0.0,"gold_gain":0.0,"event_name":"Dead Adventurer","player_choice":"Searched \u00270\u0027 times","floor":10.0,"gold_loss":0.0,"damage_taken":0.0},{"damage_healed":0,"gold_gain":0,"player_choice":"Ignored","damage_taken":0,"max_hp_gain":0,"max_hp_loss":0,"event_name":"Cursed Tome","floor":20,"gold_loss":0},{"damage_healed":0,"gold_gain":0,"player_choice":"Fought Bandits","damage_taken":0,"max_hp_gain":0,"max_hp_loss":0,"event_name":"Masked Bandits","floor":21,"gold_loss":0}],"is_beta":false,"boss_relics":[{"not_picked":["Tiny House","Snecko Eye"],"picked":"Black Star"}],"items_purged_floors":[12],"is_endless":false,"potions_floor_spawned":[4,5,14,16,18],"killed_by":"Masked Bandits","ascension_level":18}