{"gold_per_floor":[115,115,115,40,65,65,99,99,99,113,147,147,147,167,167,257,257,272,295,320,69,69,69,90,90],"floor_reached":25,"playtime":875,"items_purged":[],"score":460,"play_id":"21a61a41-6ea8-4726-8647-ae2b37ee6898","local_time":"20200325122353","is_ascension_mode":true,"campfire_choices":[{"data":"Glacier","floor":6.0,"key":"SMITH"},{"floor":8.0,"key":"REST"},{"data":"Beam Cell","floor":12.0,"key":"SMITH"},{"data":"Hologram","floor":15.0,"key":"SMITH"},{"floor":23,"key":"REST"}],"neow_cost":"NONE","seed_source_timestamp":8740046140099,"circlet_count":0,"master_deck":["AscendersBane","Strike_B","Strike_B","Strike_B","Defend_B","Defend_B","Defend_B","Zap","Dualcast","Gash","Glacier+1","BootSequence","Hologram+1","Beam Cell+1","Gash","Reboot","Conserve Battery","Good Instincts","Capacitor"],"special_seed":0,"relics":["FrozenCore","NeowsBlessing","Bag of Preparation","Golden Idol","Bag of Marbles","Kunai","Gremlin Horn","Oddly Smooth Stone"],"potions_floor_usage":[20,24],"damage_taken":[{"damage":0.0,"enemies":"2 Louse","floor":1.0,"turns":1.0},{"damage":0.0,"enemies":"Small Slimes","floor":5.0,"turns":1.0},{"damage":0.0,"enemies":"Gremlin Nob","floor":7.0,"turns":1.0},{"damage":0.0,"enemies":"Jaw Worm","floor":10.0,"turns":4.0},{"damage":12.0,"enemies":"Lagavulin","floor":11.0,"turns":9.0},{"damage":0.0,"enemies":"2 Fungi Beasts","floor":14.0,"turns":2.0},{"damage":20.0,"enemies":"Slime Boss","floor":16.0,"turns":9.0},{"damage":15,"enemies":"Spheric Guardian","floor":18,"turns":6},{"damage":8,"enemies":"Shell Parasite","floor":19,"turns":9},{"damage":0,"enemies":"Sentry and Sphere","floor":20,"turns":7},{"damage":5,"enemies":"Cultist and Chosen","floor":24,"turns":8},{"damage":56,"enemies":"Gremlin Leader","floor":25,"turns":9}],"seed_played":"-6047898180839841050","potions_obtained":[{"floor":5.0,"key":"Fruit Juice"},{"floor":7.0,"key":"BlessingOfTheForge"},{"floor":16.0,"key":"ColorlessPotion"},{"floor":20,"key":"Ancient Potion"}],"is_trial":false,"path_per_floor":["M","?","?","?","M","R","E","R","T","M","E","R","?","M","R","B",null,"M","M","M","$","?","R","M","E"],"character_chosen":"DEFECT","items_purchased":["Good Instincts","Oddly Smooth Stone"],"campfire_rested":2,"item_purchase_floors":[21,21],"current_hp_per_floor":[64,29,29,29,34,34,34,54,54,54,42,42,42,42,42,22,57,42,34,34,34,34,54,49,0],"gold":90,"neow_bonus":"THREE_ENEMY_KILL","is_prod":false,"is_daily":false,"chose_seed":false,"campfire_upgraded":3,"win_rate":0,"timestamp":1585121033,"path_taken":["M","?","?","?","?","R","E","R","T","M","E","R","?","M","R","BOSS","M","M","M","?","?","R","M","E"],"build_version":"2020-01-14","purchased_purges":0,"victory":false,"max_hp_per_floor":[71,71,64,64,69,69,69,69,69,69,69,69,69,69,69,69,69,69,69,69,69,69,69,69,69],"card_choices":[{"not_picked":["Beam Cell","Go for the Eyes"],"picked":"Gash","floor":1.0},{"not_picked":["Leap","Barrage"],"picked":"Glacier","floor":5.0},{"not_picked":["Leap","Beam Cell"],"picked":"BootSequence","floor":7.0},{"not_picked":["Redo","Meteor Strike"],"picked":"Hologram","floor":10.0},{"not_picked":["Redo","Leap"],"picked":"Beam Cell","floor":11.0},{"not_picked":["Leap","Chill"],"picked":"Gash","floor":14.0},{"not_picked":["Biased Cognition","Buffer"],"picked":"Reboot","floor":16.0},{"not_picked":["Streamline","Compile Driver+1"],"picked":"Conserve Battery","floor":18},{"not_picked":["Rebound","Chaos","Hologram"],"picked":"SKIP","floor":19},{"not_picked":["Barrage","Hologram","Beam Cell"],"picked":"SKIP","floor":20},{"not_picked":["Redo","Compile Driver"],"picked":"Capacitor","floor":24}],"player_experience":350780,"relics_obtained":[{"floor":7.0,"key":"Bag of Marbles"},{"floor":9.0,"key":"Kunai"},{"floor":11.0,"key":"Gremlin Horn"}],"event_choices":[{"damage_healed":0.0,"max_hp_gain":0.0,"max_hp_loss":0.0,"gold_gain":0.0,"event_name":"Scrap Ooze","player_choice":"Success","floor":2.0,"gold_loss":0.0,"damage_taken":35.0,"relics_obtained":["Bag of Preparation"]},{"damage_healed":0.0,"max_hp_gain":0.0,"max_hp_loss":7.0,"gold_gain":0.0,"event_name":"Golden Idol","player_choice":"Lose Max HP","floor":3.0,"gold_loss":0.0,"damage_taken":0.0,"relics_obtained":["Golden Idol"]},{"cards_removed":["Strike_B"],"damage_healed":0.0,"max_hp_gain":0.0,"max_hp_loss":0.0,"gold_gain":0.0,"event_name":"The Cleric","player_choice":"Card Removal","floor":4.0,"gold_loss":75.0,"damage_taken":0.0},{"cards_removed":["Defend_B"],"damage_healed":0.0,"max_hp_gain":0.0,"max_hp_loss":0.0,"gold_gain":0.0,"event_name":"Purifier","player_choice":"Purged","floor":13.0,"gold_loss":0.0,"damage_taken":0.0},{"damage_healed":0,"gold_gain":0,"player_choice":"Ignored","damage_taken":0,"max_hp_gain":0,"max_hp_loss":0,"event_name":"Cursed Tome","floor":22,"gold_loss":0}],"is_beta":false,"boss_relics":[{"not_picked":["Busted Crown","Astrolabe"],"picked":"FrozenCore"}],"items_purged_floors":[],"is_endless":false,"potions_floor_spawned":[5,7,16,20],"killed_by":"Gremlin Leader","ascension_level":19}