{"gold_per_floor":[119,1,14,14,14,48,63,63,63,80,80,97,17,35,35,112,112,86,86,104,115,115,115,41,41,41,74,74,101,101,115,115,115],"floor_reached":33,"playtime":1049,"items_purged":["Strike_B"],"score":566,"play_id":"80aef0b1-1c9a-48b3-af3f-062462975906","local_time":"20200324132859","is_ascension_mode":true,"campfire_choices":[{"data":"Defragment","floor":8.0,"key":"SMITH"},{"data":"Blizzard","floor":15.0,"key":"SMITH"},{"floor":23.0,"key":"REST"},{"data":"Capacitor","floor":25.0,"key":"SMITH"},{"data":"Fission","floor":28.0,"key":"SMITH"},{"floor":32.0,"key":"REST"}],"neow_cost":"NONE","seed_source_timestamp":8799353556200,"circlet_count":0,"master_deck":["AscendersBane","Strike_B","Strike_B","Strike_B","Defend_B","Defend_B","Defend_B","Defend_B","Zap","Dualcast","Defragment+1","Chill","Glacier","Ball Lightning","Blizzard+1","Fission+1","Capacitor+1","Loop","Chill"],"special_seed":0,"relics":["FrozenCore","NeowsBlessing","Ornamental Fan","Happy Flower","Letter Opener","Juzu Bracelet","Red Mask"],"potions_floor_usage":[33,33],"damage_taken":[{"damage":0.0,"enemies":"Small Slimes","floor":1.0,"turns":1.0},{"damage":0.0,"enemies":"Jaw Worm","floor":3.0,"turns":1.0},{"damage":0.0,"enemies":"Gremlin Nob","floor":6.0,"turns":1.0},{"damage":0.0,"enemies":"2 Louse","floor":7.0,"turns":2.0},{"damage":8.0,"enemies":"Blue Slaver","floor":10.0,"turns":4.0},{"damage":0.0,"enemies":"3 Louse","floor":12.0,"turns":4.0},{"damage":4.0,"enemies":"Looter","floor":14.0,"turns":4.0},{"damage":25.0,"enemies":"The Guardian","floor":16.0,"turns":13.0},{"damage":21.0,"enemies":"2 Thieves","floor":18.0,"turns":5.0},{"damage":0.0,"enemies":"3 Byrds","floor":20.0,"turns":5.0},{"damage":4.0,"enemies":"Snake Plant","floor":21.0,"turns":6.0},{"damage":17.0,"enemies":"Slavers","floor":27.0,"turns":4.0},{"damage":21.0,"enemies":"Masked Bandits","floor":29.0,"turns":4.0},{"damage":3.0,"enemies":"Cultist and Chosen","floor":31.0,"turns":8.0},{"damage":53,"enemies":"Automaton","floor":33,"turns":10}],"seed_played":"4274563197348402305","potions_obtained":[{"floor":10.0,"key":"Ancient Potion"},{"floor":12.0,"key":"Ancient Potion"},{"floor":14.0,"key":"Dexterity Potion"},{"floor":16.0,"key":"SpeedPotion"},{"floor":21.0,"key":"ColorlessPotion"},{"floor":27.0,"key":"Energy Potion"},{"floor":29.0,"key":"EssenceOfSteel"}],"is_trial":false,"path_per_floor":["M","$","M","?","?","E","M","R","T","M","$","M","$","M","R","B",null,"M","$","M","M","?","R","$","R","T","E","R","?","?","M","R","B"],"character_chosen":"DEFECT","items_purchased":["Chill","Blizzard","Capacitor"],"campfire_rested":2,"item_purchase_floors":[2,13,24],"current_hp_per_floor":[64,64,64,64,64,64,64,64,64,56,56,56,56,52,52,27,60,39,39,39,35,35,56,56,56,56,39,39,18,18,15,36,0],"gold":115,"neow_bonus":"THREE_ENEMY_KILL","is_prod":false,"is_daily":false,"chose_seed":false,"campfire_upgraded":4,"win_rate":0,"timestamp":1585038539,"path_taken":["M","$","M","?","?","E","?","R","T","M","$","M","$","M","R","BOSS","M","$","M","M","?","R","$","R","T","E","R","?","?","M","R","BOSS"],"build_version":"2020-01-14","purchased_purges":1,"victory":false,"max_hp_per_floor":[71,71,71,71,71,71,71,71,71,71,71,71,71,71,71,71,71,71,71,71,71,71,71,71,71,71,71,71,71,71,71,71,71],"card_choices":[{"not_picked":["Compile Driver","Conserve Battery"],"picked":"Defragment","floor":1.0},{"not_picked":["Conserve Battery","Steam","Cold Snap"],"picked":"SKIP","floor":3.0},{"not_picked":["Recycle","Redo","Beam Cell"],"picked":"SKIP","floor":6.0},{"not_picked":["Stack","Core Surge"],"picked":"Glacier","floor":7.0},{"not_picked":["Leap","Gash","Fusion"],"picked":"SKIP","floor":10.0},{"not_picked":["Compile Driver","Barrage"],"picked":"Ball Lightning","floor":12.0},{"not_picked":["Steam","Turbo","Recycle"],"picked":"SKIP","floor":14.0},{"not_picked":["Creative AI","Hyperbeam"],"picked":"Fission","floor":16.0},{"not_picked":["Ball Lightning","Conserve Battery","Cold Snap"],"picked":"SKIP","floor":18.0},{"not_picked":["Meteor Strike","Cold Snap","Redo"],"picked":"SKIP","floor":20.0},{"not_picked":["Rip and Tear","Sweeping Beam","Rebound"],"picked":"SKIP","floor":21.0},{"not_picked":["Fusion","Ball Lightning","Rebound"],"picked":"SKIP","floor":27.0},{"not_picked":["Rip and Tear","Turbo"],"picked":"Loop","floor":29.0},{"not_picked":["Static Discharge","Streamline+1"],"picked":"Chill","floor":31.0}],"player_experience":347718,"relics_obtained":[{"floor":6.0,"key":"Ornamental Fan"},{"floor":9.0,"key":"Happy Flower"},{"floor":26.0,"key":"Letter Opener"},{"floor":27.0,"key":"Juzu Bracelet"},{"floor":29.0,"key":"Red Mask"}],"event_choices":[{"damage_healed":0.0,"max_hp_gain":0.0,"max_hp_loss":0.0,"gold_gain":0.0,"event_name":"Scrap Ooze","player_choice":"Fled","floor":4.0,"gold_loss":0.0,"damage_taken":0.0},{"damage_healed":0.0,"max_hp_gain":0.0,"max_hp_loss":0.0,"gold_gain":0.0,"event_name":"Liars Game","player_choice":"Ignored","floor":5.0,"gold_loss":0.0,"damage_taken":0.0},{"damage_healed":0.0,"max_hp_gain":0.0,"max_hp_loss":0.0,"gold_gain":0.0,"event_name":"The Mausoleum","player_choice":"Ignored","floor":22.0,"gold_loss":0.0,"damage_taken":0.0},{"damage_healed":0.0,"max_hp_gain":0.0,"max_hp_loss":0.0,"gold_gain":0.0,"event_name":"Masked Bandits","player_choice":"Fought Bandits","floor":29.0,"gold_loss":0.0,"damage_taken":0.0},{"damage_healed":0.0,"max_hp_gain":0.0,"max_hp_loss":0.0,"gold_gain":0.0,"event_name":"Ghosts","player_choice":"Ignored","floor":30.0,"gold_loss":0.0,"damage_taken":0.0}],"is_beta":false,"boss_relics":[{"not_picked":["Calling Bell","Philosopher\u0027s Stone"],"picked":"FrozenCore"}],"items_purged_floors":[2],"is_endless":false,"potions_floor_spawned":[10,12,14,16,21,27,29],"killed_by":"Automaton","ascension_level":19}