{"gold_per_floor":[112,127,147,147,147,147,161,51,51,69,89,106,106,281,281,384,384,395,395,415,448,197,197,197],"floor_reached":24,"playtime":1153,"items_purged":["Strike_P","Doubt"],"score":188,"play_id":"7c05f1eb-009d-48cd-9bff-52353df52766","local_time":"20191107181815","is_ascension_mode":false,"campfire_choices":[{"data":"EmptyMind","floor":6,"key":"SMITH"},{"data":"Perseverance","floor":15,"key":"SMITH"},{"floor":23,"key":"REST"}],"neow_cost":"NONE","seed_source_timestamp":3547491008173912,"circlet_count":0,"master_deck":["Strike_P","Strike_P","Strike_P","Defend_P","Defend_P","Defend_P","Defend_P","Eruption","Vigilance","EmptyMind+1","CutThroughFate+1","SandsOfTime+1","Vengeance","ClearTheMind","Perseverance+1","Vault"],"relics":["PureWater","NeowsBlessing","Bottled Flame","Runic Pyramid","Red Mask","Lantern"],"potions_floor_usage":[16,16,21,21],"damage_taken":[{"damage":0,"enemies":"2 Louse","floor":1,"turns":1},{"damage":0,"enemies":"Small Slimes","floor":2,"turns":2},{"damage":0,"enemies":"Cultist","floor":3,"turns":1},{"damage":18,"enemies":"Exordium Thugs","floor":7,"turns":4},{"damage":0,"enemies":"Large Slime","floor":10,"turns":2},{"damage":6,"enemies":"3 Louse","floor":11,"turns":5},{"damage":2,"enemies":"Blue Slaver","floor":12,"turns":3},{"damage":19,"enemies":"Hexaghost","floor":16,"turns":10},{"damage":11,"enemies":"2 Thieves","floor":18,"turns":5},{"damage":0,"enemies":"Chosen","floor":20,"turns":5},{"damage":37,"enemies":"Masked Bandits","floor":21,"turns":5},{"damage":2,"enemies":"Snake Plant","floor":24,"turns":2}],"seed_played":"4230693576828169031","potions_obtained":[{"floor":1,"key":"Fire Potion"},{"floor":7,"key":"AttackPotion"},{"floor":11,"key":"Strength Potion"},{"floor":18,"key":"Regen Potion"}],"is_trial":false,"path_per_floor":["M","M","M","?","?","R","M","$","T","M","M","M","$","?","R","B",null,"M","?","M","?","$","R","M"],"character_chosen":"WATCHER","items_purchased":["Vengeance","Lantern"],"campfire_rested":1,"item_purchase_floors":[8,22],"current_hp_per_floor":[72,72,72,72,72,72,54,54,54,54,48,46,46,46,46,27,72,61,61,61,38,38,59,57],"gold":197,"neow_bonus":"THREE_ENEMY_KILL","is_prod":false,"is_daily":false,"chose_seed":false,"campfire_upgraded":2,"win_rate":0,"timestamp":1573132695,"path_taken":["M","M","M","?","?","R","M","$","T","?","M","M","?","?","R","BOSS","M","?","M","?","?","R","M"],"build_version":"2019-10-30","purchased_purges":2,"victory":false,"max_hp_per_floor":[72,72,72,72,72,72,72,72,72,72,72,72,72,72,72,72,72,72,72,72,72,72,72,72],"card_choices":[{"not_picked":["Worship","Prostrate"],"picked":"EmptyMind","floor":1},{"not_picked":["BowlingBash","Conclude"],"picked":"CutThroughFate","floor":2},{"not_picked":["EmptyBody","DeceiveReality"],"picked":"SandsOfTime","floor":3},{"not_picked":["FlurryOfBlows","Consecrate","EmptyMind"],"picked":"SKIP","floor":7},{"not_picked":["Nirvana","Vengeance"],"picked":"ClearTheMind","floor":10},{"not_picked":["BowlingBash","ThirdEye"],"picked":"Perseverance","floor":11},{"not_picked":["InnerPeace","PathToVictory","Consecrate"],"picked":"SKIP","floor":12},{"not_picked":["MasterReality","DeusExMachina"],"picked":"Vault","floor":16},{"not_picked":["Prostrate+1","CrushJoints","SashWhip+1"],"picked":"SKIP","floor":18},{"not_picked":["Evaluate","Consecrate","Tantrum"],"picked":"SKIP","floor":20}],"player_experience":41314,"relics_obtained":[{"floor":9,"key":"Bottled Flame"},{"floor":21,"key":"Red Mask"}],"event_choices":[{"damage_healed":0,"gold_gain":0,"player_choice":"Grow","damage_taken":0,"max_hp_gain":0,"max_hp_loss":0,"event_name":"Living Wall","floor":4,"gold_loss":0,"cards_upgraded":["SandsOfTime"]},{"damage_healed":0,"gold_gain":0,"player_choice":"Forge","damage_taken":0,"max_hp_gain":0,"max_hp_loss":0,"event_name":"Accursed Blacksmith","floor":5,"gold_loss":0,"cards_upgraded":["CutThroughFate"]},{"damage_healed":0,"gold_gain":175,"player_choice":"AGREE","damage_taken":0,"max_hp_gain":0,"max_hp_loss":0,"event_name":"Liars Game","floor":14,"gold_loss":0,"cards_obtained":["Doubt"]},{"damage_healed":0,"gold_gain":0,"player_choice":"Ignored","damage_taken":0,"max_hp_gain":0,"max_hp_loss":0,"event_name":"Vampires","floor":19,"gold_loss":0},{"damage_healed":0,"gold_gain":0,"player_choice":"Fought Bandits","damage_taken":0,"max_hp_gain":0,"max_hp_loss":0,"event_name":"Masked Bandits","floor":21,"gold_loss":0}],"is_beta":true,"boss_relics":[{"not_picked":["Tiny House","VioletLotus"],"picked":"Runic Pyramid"}],"items_purged_floors":[8,22],"is_endless":false,"potions_floor_spawned":[1,7,11,18],"killed_by":"Snake Plant","ascension_level":0}