{"gold_per_floor":[116,116,116,153,190,190,207,239,264,339,339,339,358,358,358,460,460,478,508,508,508,339,364,80,80,80,166,240,240,280,280,280,381,381,430,478,1477,1477,1526,1526,1561,633,633,533,575,575,588,603,603,603],"floor_reached":51,"playtime":2857,"items_purged":["Defend_P"],"score":772,"play_id":"a1234ddf-9896-4320-b96e-6d1f7e8c5f6f","local_time":"20191118171916","is_ascension_mode":true,"campfire_choices":[{"data":"Wish","floor":6.0,"key":"SMITH"},{"floor":11.0,"key":"REST"},{"floor":15.0,"key":"REST"},{"data":"PathToVictory","floor":25.0,"key":"SMITH"},{"data":"PathToVictory","floor":29.0,"key":"SMITH"},{"data":"Enlightenment","floor":32,"key":"SMITH"},{"data":"Fasting2","floor":40,"key":"SMITH"},{"floor":46,"key":"REST"},{"floor":49,"key":"REST"}],"neow_cost":"NONE","seed_source_timestamp":440691926509597,"circlet_count":0,"master_deck":["Strike_P","Strike_P","Defend_P","Defend_P","Defend_P","Eruption+1","Vigilance","Wish+1","Meditate","Halt","WaveOfTheHand","DeceiveReality","Protect","Judgement","PathToVictory+1","Protect+1","Necronomicurse","Enlightenment+1","Omniscience","PathToVictory+1","ForeignInfluence+1","Fasting2+1","PathToVictory","Apotheosis"],"special_seed":0,"relics":["PureWater","MealTicket","Vajra","Lantern","Sozu","Red Mask","Necronomicon","Happy Flower","Gremlin Horn","Omamori","Busted Crown","Bag of Preparation","HornCleat","Lizard Tail","Sling","Pantograph","Molten Egg 2"],"potions_floor_usage":[],"damage_taken":[{"damage":0.0,"enemies":"Small Slimes","floor":1.0,"turns":6.0},{"damage":13.0,"enemies":"Cultist","floor":4.0,"turns":5.0},{"damage":6.0,"enemies":"Jaw Worm","floor":5.0,"turns":5.0},{"damage":3.0,"enemies":"Large Slime","floor":7.0,"turns":6.0},{"damage":26.0,"enemies":"Lagavulin","floor":8.0,"turns":12.0},{"damage":23.0,"enemies":"Exordium Thugs","floor":13.0,"turns":12.0},{"damage":21.0,"enemies":"Hexaghost","floor":16.0,"turns":15.0},{"damage":0.0,"enemies":"Spheric Guardian","floor":18.0,"turns":2.0},{"damage":6.0,"enemies":"Masked Bandits","floor":19.0,"turns":6.0},{"damage":23.0,"enemies":"Book of Stabbing","floor":23.0,"turns":9.0},{"damage":0.0,"enemies":"Slavers","floor":27.0,"turns":6.0},{"damage":9.0,"enemies":"Shell Parasite","floor":28.0,"turns":6.0},{"damage":0,"enemies":"Chosen and Byrds","floor":30,"turns":6},{"damage":55,"enemies":"Automaton","floor":33,"turns":9},{"damage":0,"enemies":"3 Shapes","floor":35,"turns":5},{"damage":8,"enemies":"3 Darklings","floor":36,"turns":8},{"damage":26,"enemies":"Maw","floor":39,"turns":9},{"damage":17,"enemies":"Nemesis","floor":41,"turns":9},{"damage":10,"enemies":"Spire Growth","floor":45,"turns":4},{"damage":0,"enemies":"3 Darklings","floor":47,"turns":7},{"damage":0,"enemies":"Jaw Worm Horde","floor":48,"turns":7},{"damage":91,"enemies":"Donu and Deca","floor":50,"turns":16}],"seed_played":"-6762495824029513674","potions_obtained":[{"floor":1.0,"key":"BlessingOfTheForge"},{"floor":4.0,"key":"ColorlessPotion"},{"floor":16.0,"key":"DistilledChaos"}],"is_trial":false,"path_per_floor":["M","?","?","M","M","R","M","E","T","?","R","T","M","?","R","B",null,"M","?","?","?","$","E","$","R","T","E","M","R","M","$","R","B",null,"M","M","?","?","M","R","E","$","T","?","M","R","M","M","R","B",null],"character_chosen":"WATCHER","items_purchased":["Enlightenment","PathToVictory","Gremlin Horn","PathToVictory","HornCleat","Lizard Tail","Sling","Apotheosis"],"campfire_rested":4,"item_purchase_floors":[22,24,24,42,42,42,42,42],"current_hp_per_floor":[72,65,65,52,46,46,43,17,17,6,27,27,4,4,25,4,72,72,66,66,50,65,42,57,57,57,57,48,48,48,63,63,8,72,72,64,64,64,38,38,21,36,36,36,26,47,47,47,68,36],"gold":603,"neow_bonus":"ONE_RANDOM_RARE_CARD","is_prod":false,"is_daily":false,"chose_seed":false,"campfire_upgraded":5,"win_rate":0,"timestamp":1574079556,"path_taken":["M","?","?","M","?","R","M","E","T","?","R","?","M","?","R","BOSS","M","?","?","?","$","E","$","R","T","E","M","R","M","?","R","BOSS","M","M","?","?","M","R","E","$","T","?","M","R","?","M","R","BOSS"],"build_version":"2019-10-30","purchased_purges":1,"victory":true,"max_hp_per_floor":[72,72,72,72,72,72,72,72,72,72,72,72,72,72,72,72,72,72,72,72,72,72,72,72,72,72,72,72,72,72,72,72,72,72,72,72,72,72,72,72,72,72,72,72,72,72,72,72,72,72],"card_choices":[{"not_picked":["ForeignInfluence","BowlingBash"],"picked":"Meditate","floor":1.0},{"not_picked":["FlurryOfBlows","FlyingSleeves"],"picked":"Halt","floor":4.0},{"not_picked":["MentalFortress","EmptyFist","Halt"],"picked":"SKIP","floor":5.0},{"not_picked":["FollowUp","EmptyFist"],"picked":"WaveOfTheHand","floor":7.0},{"not_picked":["FollowUp","JustLucky"],"picked":"DeceiveReality","floor":8.0},{"not_picked":["CutThroughFate","ThirdEye"],"picked":"Protect","floor":13.0},{"not_picked":["Vault","MasterReality"],"picked":"Judgement","floor":16.0},{"not_picked":["EmptyFist","FollowUp"],"picked":"PathToVictory","floor":18.0},{"not_picked":["Indignation","FlyingSleeves"],"picked":"Protect+1","floor":19.0},{"not_picked":["ReachHeaven","Consecrate"],"picked":"Omniscience","floor":23.0},{"not_picked":["CutThroughFate","Halt","ReachHeaven"],"picked":"SKIP","floor":27.0},{"not_picked":["EmptyMind","JustLucky+1","Prostrate"],"picked":"SKIP","floor":28.0},{"not_picked":["Weave","FlurryOfBlows+1"],"picked":"ForeignInfluence+1","floor":30},{"not_picked":["MentalFortress+1"],"picked":"SKIP","floor":35},{"not_picked":[],"picked":"Fasting2","floor":36},{"not_picked":["BowlingBash"],"picked":"SKIP","floor":39},{"not_picked":["Pray+1"],"picked":"SKIP","floor":41},{"not_picked":["ThirdEye+1"],"picked":"SKIP","floor":45},{"not_picked":["Fasting2"],"picked":"SKIP","floor":47},{"not_picked":["Crescendo+1"],"picked":"SKIP","floor":48}],"player_experience":75601,"relics_obtained":[{"floor":8.0,"key":"MealTicket"},{"floor":9.0,"key":"Vajra"},{"floor":12.0,"key":"Lantern"},{"floor":19.0,"key":"Red Mask"},{"floor":21.0,"key":"Necronomicon"},{"floor":23.0,"key":"Happy Flower"},{"floor":27.0,"key":"Omamori"},{"floor":41,"key":"Bag of Preparation"},{"floor":43,"key":"Pantograph"}],"event_choices":[{"cards_removed":["Strike_P"],"damage_healed":0.0,"max_hp_gain":0.0,"max_hp_loss":0.0,"gold_gain":0.0,"event_name":"Golden Wing","player_choice":"Card Removal","floor":2.0,"gold_loss":0.0,"damage_taken":7.0},{"damage_healed":0.0,"max_hp_gain":0.0,"max_hp_loss":0.0,"gold_gain":0.0,"event_name":"The Woman in Blue","player_choice":"Bought 0 Potions","floor":3.0,"gold_loss":0.0,"damage_taken":0.0},{"damage_healed":0.0,"max_hp_gain":0.0,"max_hp_loss":0.0,"gold_gain":75.0,"event_name":"World of Goop","player_choice":"Gather Gold","floor":10.0,"gold_loss":0.0,"damage_taken":11.0},{"damage_healed":0.0,"max_hp_gain":0.0,"max_hp_loss":0.0,"gold_gain":0.0,"event_name":"Upgrade Shrine","player_choice":"Upgraded","floor":14.0,"gold_loss":0.0,"damage_taken":0.0,"cards_upgraded":["Eruption"]},{"damage_healed":0.0,"max_hp_gain":0.0,"max_hp_loss":0.0,"gold_gain":0.0,"event_name":"Masked Bandits","player_choice":"Fought Bandits","floor":19.0,"gold_loss":0.0,"damage_taken":0.0},{"damage_healed":0.0,"max_hp_gain":0.0,"max_hp_loss":0.0,"gold_gain":0.0,"event_name":"Vampires","player_choice":"Ignored","floor":20.0,"gold_loss":0.0,"damage_taken":0.0},{"damage_healed":0.0,"max_hp_gain":0.0,"max_hp_loss":0.0,"gold_gain":0.0,"event_name":"Cursed Tome","player_choice":"Obtained Book","floor":21.0,"gold_loss":0.0,"damage_taken":16.0},{"damage_healed":0,"gold_gain":999,"player_choice":"Gold","damage_taken":0,"max_hp_gain":0,"max_hp_loss":0,"event_name":"MindBloom","floor":37,"gold_loss":0,"cards_obtained":["Normality","Normality"]},{"cards_removed":["Strike_P"],"damage_healed":0,"gold_gain":0,"player_choice":"Removed Attack","damage_taken":0,"max_hp_gain":0,"max_hp_loss":0,"event_name":"Falling","floor":38,"gold_loss":0},{"damage_healed":0,"gold_gain":0,"player_choice":"Paid Gold","damage_taken":0,"relics_obtained":["Molten Egg 2"],"max_hp_gain":0,"max_hp_loss":0,"event_name":"WeMeetAgain","floor":44,"gold_loss":100}],"is_beta":true,"boss_relics":[{"not_picked":["Ectoplasm","SlaversCollar"],"picked":"Sozu"},{"not_picked":["SacredBark","Astrolabe"],"picked":"Busted Crown"}],"items_purged_floors":[22],"is_endless":false,"potions_floor_spawned":[1,4,16,18,19,27,33,45,47,48],"ascension_level":1}