{"gold_per_floor":[112,74,74,6,22,22,51,62,62,62,50,83,83,109,109,206,206,220,145,160,160,160,160,191,218,245,274,284,284,302,322,322,322],"floor_reached":33,"playtime":1786,"items_purged":["Defend_P"],"score":424,"play_id":"d7cdef1b-678d-44c7-94b7-e6e3530e46f9","local_time":"20191210152132","is_ascension_mode":true,"campfire_choices":[{"data":"Eruption","floor":6,"key":"SMITH"},{"data":"CarveReality","floor":10,"key":"SMITH"},{"data":"LikeWater","floor":13,"key":"SMITH"},{"data":"Vault","floor":15,"key":"SMITH"},{"floor":23,"key":"REST"},{"floor":29,"key":"REST"},{"floor":32,"key":"REST"}],"neow_cost":"NONE","seed_source_timestamp":2335787125597187,"circlet_count":0,"master_deck":["Strike_P","Strike_P","Eruption+1","Vigilance","LikeWater","DeceiveReality","Adaptation","LikeWater+1","Halt","CarveReality+1","LikeWater","Vault+1","Omniscience","ThirdEye+1","SignatureMove+1","Scrawl+1","Meditate","Halt","CrushJoints","ClearTheMind+1"],"relics":["PureWater","NeowsBlessing","Pantograph","Blood Vial","Mercury Hourglass","Art of War","Darkstone Periapt","Astrolabe","Gremlin Horn","Red Mask","Lantern","Toxic Egg 2"],"potions_floor_usage":[16,16,16,16,16,16,24,27],"damage_taken":[{"damage":0,"enemies":"Cultist","floor":1,"turns":1},{"damage":0,"enemies":"2 Louse","floor":5,"turns":1},{"damage":0,"enemies":"Gremlin Nob","floor":7,"turns":1},{"damage":0,"enemies":"Small Slimes","floor":8,"turns":6},{"damage":11,"enemies":"Exordium Thugs","floor":11,"turns":4},{"damage":0,"enemies":"Lagavulin","floor":12,"turns":9},{"damage":10,"enemies":"Gremlin Nob","floor":14,"turns":6},{"damage":6,"enemies":"Hexaghost","floor":16,"turns":15},{"damage":15,"enemies":"2 Thieves","floor":18,"turns":4},{"damage":5,"enemies":"Shell Parasite","floor":20,"turns":6},{"damage":19,"enemies":"Slavers","floor":24,"turns":6},{"damage":30,"enemies":"Masked Bandits","floor":25,"turns":4},{"damage":17,"enemies":"Book of Stabbing","floor":27,"turns":6},{"damage":4,"enemies":"Snake Plant","floor":28,"turns":7},{"damage":0,"enemies":"Cultist and Chosen","floor":30,"turns":5},{"damage":4,"enemies":"Centurion and Healer","floor":31,"turns":5},{"damage":77,"enemies":"Automaton","floor":33,"turns":13}],"seed_played":"-1352911683305298999","potions_obtained":[{"floor":1,"key":"Dexterity Potion"},{"floor":8,"key":"EssenceOfSteel"},{"floor":11,"key":"EntropicBrew"},{"floor":18,"key":"BottledMiracle"},{"floor":20,"key":"LiquidBronze"}],"is_trial":false,"path_per_floor":["M","$","?","$","M","R","E","M","T","R","M","E","R","E","R","B",null,"M","$","M","?","$","R","E","?","T","E","M","R","M","M","R","B"],"character_chosen":"WATCHER","items_purchased":["DeceiveReality","Adaptation"],"campfire_rested":3,"item_purchase_floors":[2,4],"current_hp_per_floor":[72,72,60,60,60,60,60,62,62,62,53,55,55,47,47,66,72,57,57,54,54,54,72,53,25,25,10,8,29,31,29,50,0],"gold":322,"neow_bonus":"THREE_ENEMY_KILL","is_prod":false,"is_daily":false,"chose_seed":false,"campfire_upgraded":4,"win_rate":0,"timestamp":1575973292,"path_taken":["M","$","?","$","M","R","E","M","T","R","M","E","R","E","R","BOSS","M","$","M","?","$","R","E","?","T","E","M","R","M","M","R","BOSS"],"build_version":"2019-10-30","purchased_purges":1,"victory":false,"max_hp_per_floor":[72,72,72,72,72,72,72,72,72,72,72,72,72,72,72,72,72,72,72,72,72,72,72,72,72,72,72,72,72,72,72,72,72],"card_choices":[{"not_picked":["CutThroughFate","Halt"],"picked":"LikeWater","floor":1},{"not_picked":["FollowUp","Study"],"picked":"LikeWater","floor":5},{"not_picked":["ThirdEye","BattleHymn"],"picked":"Halt","floor":7},{"not_picked":["SashWhip","Wallop"],"picked":"CarveReality","floor":8},{"not_picked":["Protect","TalkToTheHand"],"picked":"LikeWater","floor":11},{"not_picked":["Protect","ThirdEye","Halt"],"picked":"SKIP","floor":12},{"not_picked":["WheelKick","Adaptation"],"picked":"Vault","floor":14},{"not_picked":["Devotion","Ragnarok"],"picked":"Omniscience","floor":16},{"not_picked":["ReachHeaven+1","Nirvana"],"picked":"Meditate","floor":18},{"not_picked":["Evaluate","JustLucky","CrushJoints"],"picked":"SKIP","floor":20},{"not_picked":["Prostrate","Fasting2","Alpha"],"picked":"SKIP","floor":24},{"not_picked":["EmptyBody+1","BowlingBash"],"picked":"ClearTheMind+1","floor":25},{"not_picked":["JustLucky","ForeignInfluence","CutThroughFate"],"picked":"SKIP","floor":27},{"not_picked":["CarveReality","FlurryOfBlows","BattleHymn"],"picked":"SKIP","floor":28},{"not_picked":["Perseverance+1","Consecrate","ThirdEye+1"],"picked":"SKIP","floor":30},{"not_picked":["FollowUp","Perseverance+1","ThirdEye+1"],"picked":"SKIP","floor":31}],"player_experience":124583,"relics_obtained":[{"floor":7,"key":"Blood Vial"},{"floor":9,"key":"Mercury Hourglass"},{"floor":12,"key":"Art of War"},{"floor":14,"key":"Darkstone Periapt"},{"floor":24,"key":"Gremlin Horn"},{"floor":25,"key":"Red Mask"},{"floor":26,"key":"Lantern"},{"floor":27,"key":"Toxic Egg 2"}],"event_choices":[{"damage_healed":0,"gold_gain":0,"player_choice":"Success","damage_taken":12,"relics_obtained":["Pantograph"],"max_hp_gain":0,"max_hp_loss":0,"event_name":"Scrap Ooze","floor":3,"gold_loss":0},{"damage_healed":0,"gold_gain":0,"cards_transformed":["Defend_P","Strike_P"],"player_choice":"Became Test Subject","damage_taken":0,"max_hp_gain":0,"max_hp_loss":0,"event_name":"Drug Dealer","floor":21,"gold_loss":0,"cards_obtained":["Halt","CrushJoints"]},{"damage_healed":0,"gold_gain":0,"player_choice":"Fought Bandits","damage_taken":0,"max_hp_gain":0,"max_hp_loss":0,"event_name":"Masked Bandits","floor":25,"gold_loss":0}],"is_beta":true,"boss_relics":[{"not_picked":["Runic Dome","Tiny House"],"picked":"Astrolabe"}],"items_purged_floors":[19],"is_endless":false,"potions_floor_spawned":[1,8,11,14,18,20],"killed_by":"Automaton","ascension_level":4}