{"gold_per_floor":[115,65,65,77,89,124,124,151,205,220,220,238,238,8,8,103,103,115,125,125,125,125,125,125,137,137,165,182,196,212,212,212,212],"floor_reached":33,"playtime":1231,"items_purged":["Strike_P"],"score":409,"play_id":"f5d3ec91-0c1e-43b8-82ee-bd8b440b658e","local_time":"20191217142447","is_ascension_mode":true,"campfire_choices":[{"data":"Eruption","floor":7.0,"key":"SMITH"},{"floor":11.0,"key":"REST"},{"data":"Judgement","floor":13.0,"key":"SMITH"},{"data":"Adaptation","floor":15.0,"key":"SMITH"},{"data":"MentalFortress","floor":24,"key":"SMITH"},{"floor":32,"key":"REST"}],"neow_cost":"NONE","seed_source_timestamp":2937765300300023,"circlet_count":0,"master_deck":["Strike_P+1","Strike_P+1","Strike_P+1","Defend_P+1","Defend_P+1","Defend_P+1","Eruption+1","Vigilance","Indignation","Judgement+1","MentalFortress+1","EmptyBody","Tantrum","FlurryOfBlows","FlurryOfBlows","Adaptation+1","InnerPeace","DevaForm","WheelKick","FlurryOfBlows","Fasting2","Nirvana","FearNoEvil","Consecrate+1","MentalFortress"],"special_seed":0,"relics":["PureWater","Potion Belt","Mercury Hourglass","Bag of Preparation","Pen Nib","Pear","Mummified Hand"],"potions_floor_usage":[25,27,30,33],"damage_taken":[{"damage":7.0,"enemies":"Jaw Worm","floor":1.0,"turns":3.0},{"damage":0.0,"enemies":"Cultist","floor":4.0,"turns":2.0},{"damage":2.0,"enemies":"Small Slimes","floor":5.0,"turns":2.0},{"damage":14.0,"enemies":"Lagavulin","floor":6.0,"turns":7.0},{"damage":15.0,"enemies":"3 Sentries","floor":8.0,"turns":5.0},{"damage":6.0,"enemies":"Looter","floor":10.0,"turns":3.0},{"damage":0.0,"enemies":"Large Slime","floor":12.0,"turns":2.0},{"damage":0.0,"enemies":"Slime Boss","floor":16.0,"turns":4.0},{"damage":0,"enemies":"Shell Parasite","floor":18,"turns":2},{"damage":0,"enemies":"Spheric Guardian","floor":19,"turns":2},{"damage":8,"enemies":"Cultist and Chosen","floor":25,"turns":5},{"damage":25,"enemies":"Book of Stabbing","floor":27,"turns":4},{"damage":0,"enemies":"Snecko","floor":28,"turns":3},{"damage":0,"enemies":"Snake Plant","floor":29,"turns":3},{"damage":13,"enemies":"Shelled Parasite and Fungi","floor":30,"turns":3},{"damage":132,"enemies":"Automaton","floor":33,"turns":6}],"seed_played":"-2694404122230144847","potions_obtained":[{"floor":5.0,"key":"Swift Potion"},{"floor":6.0,"key":"GamblersBrew"},{"floor":8.0,"key":"PowerPotion"},{"floor":12.0,"key":"SkillPotion"},{"floor":16.0,"key":"BottledMiracle"},{"floor":28,"key":"BottledMiracle"},{"floor":29,"key":"Weak Potion"}],"is_trial":false,"path_per_floor":["M","?","?","M","M","E","R","E","T","M","R","M","R","$","R","B",null,"M","M","?","?","?","?","R","M","T","E","M","M","M","?","R","B"],"character_chosen":"WATCHER","items_purchased":["Adaptation","InnerPeace"],"campfire_rested":2,"item_purchase_floors":[14,14],"current_hp_per_floor":[65,65,65,65,63,49,49,34,34,28,49,49,49,49,49,49,66,66,66,50,50,50,50,50,42,52,27,27,27,14,14,38,0],"gold":212,"neow_bonus":"RANDOM_COMMON_RELIC","is_prod":false,"is_daily":false,"chose_seed":false,"campfire_upgraded":4,"win_rate":0,"timestamp":1576574687,"path_taken":["M","?","?","?","M","E","R","E","T","M","R","M","R","$","R","BOSS","M","M","?","?","?","?","R","M","T","E","M","M","M","?","R","BOSS"],"build_version":"2019-10-30","purchased_purges":1,"victory":false,"max_hp_per_floor":[72,72,72,72,72,72,72,72,72,72,72,72,72,72,72,72,72,72,72,72,72,72,72,72,72,82,82,82,82,82,82,82,82],"card_choices":[{"not_picked":["EmptyFist","JustLucky"],"picked":"Indignation","floor":1.0},{"not_picked":["Weave","ClearTheMind"],"picked":"MentalFortress","floor":4.0},{"not_picked":["FlyingSleeves","Tantrum"],"picked":"EmptyBody","floor":5.0},{"not_picked":["JustLucky","CutThroughFate"],"picked":"Tantrum","floor":6.0},{"not_picked":["ForeignInfluence","CutThroughFate"],"picked":"FlurryOfBlows","floor":8.0},{"not_picked":["Indignation","Evaluate"],"picked":"FlurryOfBlows","floor":10.0},{"not_picked":["FlyingSleeves","Protect","Collect"],"picked":"SKIP","floor":12.0},{"not_picked":["Brilliance","Alpha"],"picked":"DevaForm","floor":16.0},{"not_picked":["WindmillStrike","Protect"],"picked":"WheelKick","floor":18},{"not_picked":["Pray","Consecrate","FlyingSleeves"],"picked":"SKIP","floor":19},{"not_picked":["Pray","Consecrate","FlyingSleeves"],"picked":"SKIP","floor":19},{"not_picked":["Crescendo","CutThroughFate"],"picked":"Fasting2","floor":25},{"not_picked":["CrushJoints+1","SashWhip+1"],"picked":"Nirvana","floor":27},{"not_picked":["ThirdEye+1","Swivel","FearNoEvil"],"picked":"SKIP","floor":28},{"not_picked":["ThirdEye+1","Swivel"],"picked":"FearNoEvil","floor":28},{"not_picked":["Pray+1","CutThroughFate"],"picked":"Consecrate+1","floor":29},{"not_picked":["CrushJoints","Protect+1"],"picked":"MentalFortress","floor":30}],"player_experience":146319,"relics_obtained":[{"floor":6.0,"key":"Mercury Hourglass"},{"floor":8.0,"key":"Bag of Preparation"},{"floor":9.0,"key":"Pen Nib"},{"floor":26,"key":"Pear"},{"floor":27,"key":"Mummified Hand"}],"event_choices":[{"cards_removed":["Defend_P"],"damage_healed":0.0,"max_hp_gain":0.0,"max_hp_loss":0.0,"gold_gain":0.0,"event_name":"The Cleric","player_choice":"Card Removal","floor":2.0,"gold_loss":50.0,"damage_taken":0.0},{"damage_healed":0.0,"max_hp_gain":0.0,"max_hp_loss":0.0,"gold_gain":0.0,"event_name":"Match and Keep!","player_choice":"1 cards matched","floor":3.0,"gold_loss":0.0,"damage_taken":0.0,"cards_obtained":["Judgement"]},{"damage_healed":0,"gold_gain":0,"player_choice":"Obtained Book","damage_taken":16,"max_hp_gain":0,"max_hp_loss":0,"event_name":"Cursed Tome","floor":20,"gold_loss":0},{"damage_healed":0,"gold_gain":0,"player_choice":"Ignored","damage_taken":0,"max_hp_gain":0,"max_hp_loss":0,"event_name":"Ghosts","floor":21,"gold_loss":0},{"damage_healed":0,"gold_gain":0,"player_choice":"Read","damage_taken":0,"max_hp_gain":0,"max_hp_loss":0,"event_name":"The Library","floor":23,"gold_loss":0,"cards_obtained":["FlurryOfBlows"]},{"damage_healed":0,"gold_gain":0,"player_choice":"Simplicity","damage_taken":0,"max_hp_gain":0,"max_hp_loss":0,"event_name":"Back to Basics","floor":31,"gold_loss":0,"cards_upgraded":["Strike_P","Strike_P","Strike_P","Defend_P","Defend_P","Defend_P"]}],"is_beta":true,"boss_relics":[{"not_picked":["Coffee Dripper","Velvet Choker","Ectoplasm"]}],"items_purged_floors":[14],"is_endless":false,"potions_floor_spawned":[5,6,8,12,16,28,29],"killed_by":"Automaton","ascension_level":5}