{"gold_per_floor":[360,41,56,231,245,245,245,281,308,321,23,23,23,38,38,158,158,177,177,177,190,190],"floor_reached":22,"playtime":884,"items_purged":["Normality"],"score":229,"play_id":"9ab49e20-2ec7-4c54-9384-aed03e0c06b6","local_time":"20191227113658","is_ascension_mode":true,"campfire_choices":[{"data":"Eruption","floor":6.0,"key":"SMITH"},{"data":"FlurryOfBlows","floor":15.0,"key":"SMITH"}],"neow_cost":"CURSE","seed_source_timestamp":746502339733079,"circlet_count":0,"master_deck":["Eruption+1","Vigilance","EmptyBody","InnerPeace","FlurryOfBlows+1","ClearTheMind","Doubt","InnerPeace","Alpha","FlurryOfBlows","DevaForm","Vengeance","SashWhip","Omniscience","Indignation","FlyingSleeves","DeusExMachina","Writhe","Wireheading","FlurryOfBlows+1"],"special_seed":0,"relics":["PureWater","Toolbox","Golden Idol","Ancient Tea Set","Ginger","Bronze Scales","Pandora\u0027s Box","Shuriken"],"potions_floor_usage":[16,22,22],"damage_taken":[{"damage":6.0,"enemies":"Jaw Worm","floor":1.0,"turns":5.0},{"damage":0.0,"enemies":"Small Slimes","floor":3.0,"turns":2.0},{"damage":3.0,"enemies":"2 Louse","floor":5.0,"turns":3.0},{"damage":5.0,"enemies":"2 Fungi Beasts","floor":8.0,"turns":3.0},{"damage":0.0,"enemies":"Exordium Wildlife","floor":10.0,"turns":4.0},{"damage":0.0,"enemies":"Large Slime","floor":14.0,"turns":3.0},{"damage":33,"enemies":"The Guardian","floor":16,"turns":8},{"damage":18,"enemies":"Shell Parasite","floor":18,"turns":3},{"damage":28,"enemies":"Spheric Guardian","floor":21,"turns":4},{"damage":12,"enemies":"Snake Plant","floor":22,"turns":1}],"seed_played":"5420689449450467598","potions_obtained":[{"floor":3.0,"key":"Weak Potion"},{"floor":5.0,"key":"SmokeBomb"},{"floor":8.0,"key":"SpeedPotion"},{"floor":14.0,"key":"FearPotion"},{"floor":18,"key":"PowerPotion"}],"is_trial":false,"path_per_floor":["M","$","M","?","M","R","?","M","T","M","$","?","?","M","R","B",null,"M","?","?","M","M"],"character_chosen":"WATCHER","items_purchased":["InnerPeace","FlurryOfBlows","Toolbox","Ginger"],"campfire_rested":0,"item_purchase_floors":[2,2,2,11],"current_hp_per_floor":[59,59,59,59,56,56,56,51,51,51,51,51,51,51,51,18,55,37,37,37,9,0],"gold":190,"neow_bonus":"TWO_FIFTY_GOLD","is_prod":false,"is_daily":false,"chose_seed":false,"campfire_upgraded":2,"win_rate":0,"timestamp":1577428618,"path_taken":["M","$","M","?","M","R","?","M","T","M","$","?","?","?","R","BOSS","M","?","?","M","?"],"build_version":"2019-10-30","purchased_purges":1,"victory":false,"max_hp_per_floor":[72,72,72,72,72,72,67,67,67,67,67,67,67,67,67,67,67,67,67,67,67,67],"card_choices":[{"not_picked":["ReachHeaven","Conclude"],"picked":"EmptyBody","floor":1.0},{"not_picked":["CrushJoints","BowlingBash"],"picked":"ClearTheMind","floor":3.0},{"not_picked":["JustLucky","ThirdEye"],"picked":"InnerPeace","floor":5.0},{"not_picked":["BowlingBash","PathToVictory","InnerPeace"],"picked":"SKIP","floor":8.0},{"not_picked":["BowlingBash","PathToVictory","InnerPeace"],"picked":"SKIP","floor":8.0},{"not_picked":["JustLucky","Perseverance","CutThroughFate"],"picked":"SKIP","floor":10.0},{"not_picked":["Consecrate","Evaluate"],"picked":"FlurryOfBlows","floor":14.0},{"not_picked":["Alpha","Establishment"],"picked":"DevaForm","floor":16},{"not_picked":["BattleHymn","Vengeance","ReachHeaven+1"],"picked":"SKIP","floor":18},{"not_picked":["WheelKick+1","Wallop"],"picked":"FlurryOfBlows+1","floor":21}],"player_experience":182855,"relics_obtained":[{"floor":9.0,"key":"Ancient Tea Set"}],"event_choices":[{"damage_healed":0.0,"max_hp_gain":0.0,"max_hp_loss":0.0,"gold_gain":175.0,"event_name":"Liars Game","player_choice":"AGREE","floor":4.0,"gold_loss":0.0,"damage_taken":0.0,"cards_obtained":["Doubt"]},{"damage_healed":0.0,"max_hp_gain":0.0,"max_hp_loss":5.0,"gold_gain":0.0,"event_name":"Golden Idol","player_choice":"Lose Max HP","floor":7.0,"gold_loss":0.0,"damage_taken":0.0,"relics_obtained":["Golden Idol"]},{"damage_healed":0.0,"max_hp_gain":0.0,"max_hp_loss":0.0,"gold_gain":0.0,"event_name":"Dead Adventurer","player_choice":"Searched \u00271\u0027 times","floor":12.0,"gold_loss":0.0,"damage_taken":0.0,"relics_obtained":["Bronze Scales"]},{"damage_healed":0.0,"max_hp_gain":0.0,"max_hp_loss":0.0,"gold_gain":0.0,"cards_transformed":["Defend_P"],"event_name":"Living Wall","player_choice":"Change","floor":13.0,"gold_loss":0.0,"damage_taken":0.0,"cards_obtained":["Alpha"]},{"damage_healed":0,"gold_gain":0,"player_choice":"Opened","damage_taken":0,"relics_obtained":["Shuriken"],"max_hp_gain":0,"max_hp_loss":0,"event_name":"The Mausoleum","floor":19,"gold_loss":0,"cards_obtained":["Writhe"]},{"damage_healed":0,"gold_gain":0,"cards_transformed":["Devotion"],"player_choice":"Transformed","damage_taken":0,"max_hp_gain":0,"max_hp_loss":0,"event_name":"Transmorgrifier","floor":20,"gold_loss":0,"cards_obtained":["Wireheading"]}],"is_beta":true,"boss_relics":[{"not_picked":["Snecko Eye","Busted Crown"],"picked":"Pandora\u0027s Box"}],"items_purged_floors":[2],"is_endless":false,"potions_floor_spawned":[3,5,8,14,18],"killed_by":"Snake Plant","ascension_level":6}