{"gold_per_floor":[14,14,34,47,60,60,79,154,154,172,172,97,97,173,173,292,292,305,305,305,305,305,305,325,54,105,105,140,155,155,171,171,171],"floor_reached":33,"playtime":1295,"items_purged":["Strike_P"],"score":306,"play_id":"12cd35cf-6a40-43e4-b16e-3807aa32fcf6","local_time":"20191224144948","is_ascension_mode":true,"campfire_choices":[{"data":"LikeWater","floor":6,"key":"SMITH"},{"floor":11,"key":"REST"},{"data":"CrushJoints","floor":13,"key":"SMITH"},{"data":"SashWhip","floor":15,"key":"SMITH"},{"data":"Vault","floor":23,"key":"SMITH"},{"data":"LikeWater","floor":27,"key":"SMITH"},{"floor":30,"key":"REST"},{"floor":32,"key":"REST"}],"neow_cost":"NO_GOLD","seed_source_timestamp":498475291716278,"circlet_count":0,"master_deck":["Strike_P+1","Strike_P+1","Strike_P+1","Defend_P+1","Defend_P+1","Defend_P+1","Defend_P+1","Eruption","Vigilance","CrushJoints+1","Evaluate","LikeWater+1","SashWhip+1","FollowUp","Vault+1","ClearTheMind+1","Evaluate","LikeWater+1","FollowUp"],"relics":["PureWater","WingedGreaves","Golden Idol","PreservedInsect","Pear","Sozu","Anchor","Dream Catcher","Red Mask"],"potions_floor_usage":[28],"damage_taken":[{"damage":1,"enemies":"Small Slimes","floor":1,"turns":2},{"damage":2,"enemies":"Jaw Worm","floor":3,"turns":4},{"damage":0,"enemies":"Cultist","floor":4,"turns":2},{"damage":0,"enemies":"Large Slime","floor":5,"turns":6},{"damage":6,"enemies":"Looter","floor":7,"turns":3},{"damage":1,"enemies":"Red Slaver","floor":10,"turns":3},{"damage":20,"enemies":"The Guardian","floor":16,"turns":13},{"damage":2,"enemies":"3 Byrds","floor":18,"turns":6},{"damage":0,"enemies":"Shell Parasite","floor":24,"turns":6},{"damage":44,"enemies":"Masked Bandits","floor":28,"turns":8},{"damage":4,"enemies":"3 Cultists","floor":29,"turns":7},{"damage":4,"enemies":"Snake Plant","floor":31,"turns":7},{"damage":29,"enemies":"Collector","floor":33,"turns":5}],"seed_played":"-6953332769842579938","potions_obtained":[{"floor":3,"key":"FearPotion"},{"floor":5,"key":"Dexterity Potion"},{"floor":10,"key":"BottledMiracle"}],"is_trial":false,"path_per_floor":["M","?","M","M","M","R","M","?","T","M","R","$","R","T","R","B",null,"M","$","?","?","?","R","M","$","T","R","?","M","R","M","R","B"],"character_chosen":"WATCHER","items_purchased":["LikeWater","Anchor","FollowUp"],"campfire_rested":3,"item_purchase_floors":[25,25,25],"current_hp_per_floor":[64,46,44,44,44,44,38,27,27,26,47,47,47,57,57,37,71,69,69,69,69,69,69,69,69,69,69,25,21,45,41,65,36],"gold":171,"neow_bonus":"ONE_RARE_RELIC","is_prod":false,"is_daily":false,"chose_seed":false,"campfire_upgraded":5,"win_rate":0,"timestamp":1577180988,"path_taken":["M","?","M","M","M","R","M","?","T","M","R","$","R","?","R","BOSS","M","$","?","?","?","R","M","$","T","R","?","?","R","M","R","BOSS"],"build_version":"2019-10-30","purchased_purges":1,"victory":false,"max_hp_per_floor":[72,72,72,72,72,72,72,72,72,72,72,72,72,82,82,82,82,82,82,82,82,82,82,82,82,82,82,82,82,82,82,82,82],"card_choices":[{"not_picked":["FlyingSleeves","BowlingBash"],"picked":"CrushJoints","floor":1},{"not_picked":["CutThroughFate","Protect"],"picked":"Evaluate","floor":3},{"not_picked":["ForeignInfluence","EmptyBody"],"picked":"LikeWater","floor":4},{"not_picked":["WindmillStrike","ClearTheMind","Crescendo"],"picked":"SKIP","floor":5},{"not_picked":["WindmillStrike","ClearTheMind","Crescendo"],"picked":"SKIP","floor":5},{"not_picked":["WaveOfTheHand","Prostrate"],"picked":"SashWhip","floor":7},{"not_picked":["Establishment","ReachHeaven"],"picked":"FollowUp","floor":10},{"not_picked":["Blasphemy","Judgement"],"picked":"Vault","floor":16},{"not_picked":["JustLucky+1","PathToVictory"],"picked":"ClearTheMind+1","floor":18},{"not_picked":["FlyingSleeves","CrushJoints","PathToVictory"],"picked":"SKIP","floor":24},{"not_picked":["FearNoEvil+1","Nirvana","Fasting2"],"picked":"SKIP","floor":29},{"not_picked":["BowlingBash","Prostrate","Wallop"],"picked":"SKIP","floor":31}],"player_experience":173517,"relics_obtained":[{"floor":9,"key":"PreservedInsect"},{"floor":14,"key":"Pear"},{"floor":26,"key":"Dream Catcher"},{"floor":28,"key":"Red Mask"}],"event_choices":[{"damage_healed":0,"gold_gain":0,"player_choice":"Take Damage","damage_taken":18,"relics_obtained":["Golden Idol"],"max_hp_gain":0,"max_hp_loss":0,"event_name":"Golden Idol","floor":2,"gold_loss":0},{"damage_healed":0,"gold_gain":75,"player_choice":"Gather Gold","damage_taken":11,"max_hp_gain":0,"max_hp_loss":0,"event_name":"World of Goop","floor":8,"gold_loss":0},{"damage_healed":0,"gold_gain":0,"player_choice":"Read","damage_taken":0,"max_hp_gain":0,"max_hp_loss":0,"event_name":"The Library","floor":20,"gold_loss":0,"cards_obtained":["Evaluate"]},{"damage_healed":0,"gold_gain":0,"player_choice":"Ignored","damage_taken":0,"max_hp_gain":0,"max_hp_loss":0,"event_name":"Vampires","floor":21,"gold_loss":0},{"damage_healed":0,"gold_gain":0,"player_choice":"Simplicity","damage_taken":0,"max_hp_gain":0,"max_hp_loss":0,"event_name":"Back to Basics","floor":22,"gold_loss":0,"cards_upgraded":["Strike_P","Strike_P","Strike_P","Defend_P","Defend_P","Defend_P","Defend_P"]},{"damage_healed":0,"gold_gain":0,"player_choice":"Fought Bandits","damage_taken":0,"max_hp_gain":0,"max_hp_loss":0,"event_name":"Masked Bandits","floor":28,"gold_loss":0}],"is_beta":true,"boss_relics":[{"not_picked":["VioletLotus","Runic Dome"],"picked":"Sozu"}],"items_purged_floors":[12],"is_endless":false,"potions_floor_spawned":[3,5,10,18,28,29],"killed_by":"Collector","ascension_level":6}