{"gold_per_floor":[368,141,141,42,217,217,233,69,96,107,107,133,133,167,167,268,268,250,250,261,271,282,282,242,277,302,317,352,352,368,368,368,368],"floor_reached":33,"playtime":1634,"items_purged":["Defend_P","Regret"],"score":478,"play_id":"967cf80c-2ec0-4a77-8f97-244c539714e0","local_time":"20200103174725","is_ascension_mode":true,"campfire_choices":[{"data":"WaveOfTheHand","floor":6,"key":"SMITH"},{"floor":15,"key":"REST"},{"data":"Defend_P","floor":23,"key":"PURGE"},{"floor":29,"key":"REST"},{"floor":32,"key":"REST"}],"neow_cost":"TEN_PERCENT_HP_LOSS","seed_source_timestamp":1372869884795524,"circlet_count":0,"master_deck":["Strike_P+1","Strike_P+1","Strike_P","Defend_P","Defend_P+1","Eruption","Vigilance","WaveOfTheHand+1","LikeWater","DeceiveReality+1","TalkToTheHand","JustLucky","Finesse","FlyingSleeves","Establishment+1","Meditate","DeusExMachina","TalkToTheHand","BattleHymn+1"],"relics":["PureWater","The Courier","Vajra","War Paint","Peace Pipe","Fusion Hammer","Whetstone","Lantern","Happy Flower"],"potions_floor_usage":[16,16,16,28],"damage_taken":[{"damage":0,"enemies":"2 Louse","floor":1,"turns":2},{"damage":1,"enemies":"Jaw Worm","floor":7,"turns":4},{"damage":0,"enemies":"Small Slimes","floor":10,"turns":3},{"damage":28,"enemies":"Gremlin Nob","floor":12,"turns":6},{"damage":0,"enemies":"Lagavulin","floor":14,"turns":8},{"damage":0,"enemies":"Slime Boss","floor":16,"turns":5},{"damage":5,"enemies":"2 Thieves","floor":18,"turns":4},{"damage":2,"enemies":"3 Byrds","floor":20,"turns":6},{"damage":0,"enemies":"Centurion and Healer","floor":21,"turns":11},{"damage":1,"enemies":"3 Cultists","floor":22,"turns":8},{"damage":38,"enemies":"Slavers","floor":25,"turns":7},{"damage":0,"enemies":"Snecko","floor":27,"turns":4},{"damage":5,"enemies":"Book of Stabbing","floor":28,"turns":5},{"damage":11,"enemies":"Centurion and Healer","floor":30,"turns":6},{"damage":124,"enemies":"Champ","floor":33,"turns":14}],"seed_played":"2966125800813382982","potions_obtained":[{"floor":10,"key":"LiquidMemories"},{"floor":12,"key":"BlessingOfTheForge"},{"floor":14,"key":"SteroidPotion"},{"floor":27,"key":"LiquidBronze"},{"floor":30,"key":"FairyPotion"}],"is_trial":false,"path_per_floor":["M","$","?","$","?","R","M","$","T","M","?","E","?","E","R","B",null,"M","?","M","M","M","R","?","E","T","M","E","R","M","?","R","B"],"character_chosen":"WATCHER","items_purchased":["LikeWater","DeceiveReality","TalkToTheHand","JustLucky","Finesse","FlyingSleeves"],"campfire_rested":3,"item_purchase_floors":[2,2,4,4,8,8],"current_hp_per_floor":[65,65,65,65,65,65,64,64,64,64,57,29,29,29,48,48,61,56,56,54,54,53,53,53,15,15,15,10,29,18,18,37,0],"gold":368,"neow_bonus":"TWO_FIFTY_GOLD","is_prod":false,"is_daily":false,"chose_seed":false,"campfire_upgraded":1,"win_rate":0,"timestamp":1578055645,"path_taken":["M","$","?","$","?","R","?","$","T","M","?","E","?","E","R","BOSS","M","?","?","M","M","R","?","E","T","M","E","R","?","?","R","BOSS"],"build_version":"2019-10-30","purchased_purges":2,"victory":false,"max_hp_per_floor":[65,65,65,65,65,65,65,65,65,65,65,65,65,65,65,65,65,65,65,65,65,65,65,65,65,65,65,65,65,65,65,65,65],"card_choices":[{"not_picked":["FollowUp","Consecrate"],"picked":"WaveOfTheHand","floor":1},{"not_picked":["MentalFortress","Evaluate","ReachHeaven"],"picked":"SKIP","floor":7},{"not_picked":["ThirdEye","CrushJoints","Pray"],"picked":"SKIP","floor":10},{"not_picked":["Protect","JustLucky"],"picked":"Establishment","floor":12},{"not_picked":["EmptyFist","Crescendo"],"picked":"Meditate","floor":14},{"not_picked":["DevaForm","Devotion"],"picked":"DeusExMachina","floor":16},{"not_picked":["BowlingBash","Crescendo","CutThroughFate"],"picked":"SKIP","floor":18},{"not_picked":["MentalFortress","SashWhip","PathToVictory"],"picked":"SKIP","floor":20},{"not_picked":["FlurryOfBlows","Halt+1","Weave"],"picked":"SKIP","floor":21},{"not_picked":["BowlingBash","CrushJoints+1"],"picked":"BattleHymn+1","floor":22},{"not_picked":["Wireheading","SashWhip","Evaluate"],"picked":"SKIP","floor":25},{"not_picked":["SpiritShield","ClearTheMind+1","EmptyFist"],"picked":"SKIP","floor":27},{"not_picked":["EmptyFist","DevaForm","Crescendo"],"picked":"SKIP","floor":28},{"not_picked":["WheelKick+1","Vengeance","ClearTheMind"],"picked":"SKIP","floor":30}],"player_experience":200033,"relics_obtained":[{"floor":9,"key":"Vajra"},{"floor":12,"key":"War Paint"},{"floor":14,"key":"Peace Pipe"},{"floor":25,"key":"Whetstone"},{"floor":26,"key":"Lantern"},{"floor":28,"key":"Happy Flower"}],"event_choices":[{"damage_healed":0,"gold_gain":0,"player_choice":"Box","damage_taken":0,"relics_obtained":["The Courier"],"max_hp_gain":0,"max_hp_loss":0,"event_name":"Big Fish","floor":3,"gold_loss":0,"cards_obtained":["Regret"]},{"damage_healed":0,"gold_gain":175,"player_choice":"AGREE","damage_taken":0,"max_hp_gain":0,"max_hp_loss":0,"event_name":"Liars Game","floor":5,"gold_loss":0,"cards_obtained":["Doubt"]},{"cards_removed":["Doubt"],"damage_healed":0,"gold_gain":0,"player_choice":"Card Removal","damage_taken":7,"max_hp_gain":0,"max_hp_loss":0,"event_name":"Golden Wing","floor":11,"gold_loss":0},{"damage_healed":0,"gold_gain":0,"player_choice":"Ignored","damage_taken":0,"max_hp_gain":0,"max_hp_loss":0,"event_name":"Shining Light","floor":13,"gold_loss":0},{"damage_healed":0,"gold_gain":0,"player_choice":"Copied","damage_taken":0,"max_hp_gain":0,"max_hp_loss":0,"event_name":"Duplicator","floor":19,"gold_loss":0,"cards_obtained":["TalkToTheHand"]},{"damage_healed":0,"gold_gain":0,"player_choice":"Upgrade","damage_taken":0,"max_hp_gain":0,"max_hp_loss":0,"event_name":"Designer","floor":24,"gold_loss":40,"cards_upgraded":["Establishment"]},{"cards_removed":["Strike_P"],"damage_healed":0,"gold_gain":0,"player_choice":"Elegance","damage_taken":0,"max_hp_gain":0,"max_hp_loss":0,"event_name":"Back to Basics","floor":31,"gold_loss":0}],"is_beta":true,"boss_relics":[{"not_picked":["Busted Crown","Snecko Eye"],"picked":"Fusion Hammer"}],"items_purged_floors":[2,8],"is_endless":false,"potions_floor_spawned":[10,12,14,27,30],"killed_by":"Champ","ascension_level":6}