{"gold_per_floor":[110,126,76,76,91,120,120,132,156,156,81,81,100,100,100,220,220,175,175,175,175,175,175,175,175,175,175,175,100,100,100,100,100],"floor_reached":33,"playtime":1287,"items_purged":["Defend_P"],"score":479,"play_id":"ed0d9740-d7b4-4bc4-baa9-6aa92df858b7","local_time":"20200223225531","is_ascension_mode":true,"campfire_choices":[{"data":"Eruption","floor":7,"key":"SMITH"},{"data":"Wallop","floor":15,"key":"SMITH"},{"data":"Adaptation","floor":24,"key":"SMITH"},{"floor":32,"key":"REST"}],"neow_cost":"NONE","seed_source_timestamp":7962411857100,"circlet_count":0,"master_deck":["Strike_P","Strike_P","Defend_P","Eruption+1","Vigilance","Swivel","WheelKick","Wallop+1","Halt","SpiritShield","Halt","Wallop","Adaptation+1","ThirdEye","Vault"],"relics":["PureWater","Nunchaku","Oddly Smooth Stone","Vajra","Bloody Idol","HornCleat","Ectoplasm","Juzu Bracelet","Ancient Tea Set","Strawberry","Boot"],"potions_floor_usage":[6,20,21,21,23,25,28,33],"damage_taken":[{"damage":0,"enemies":"2 Louse","floor":1,"turns":4},{"damage":0,"enemies":"Jaw Worm","floor":2,"turns":3},{"damage":0,"enemies":"Cultist","floor":5,"turns":2},{"damage":27,"enemies":"Gremlin Nob","floor":6,"turns":5},{"damage":5,"enemies":"Exordium Wildlife","floor":8,"turns":8},{"damage":0,"enemies":"Blue Slaver","floor":13,"turns":2},{"damage":2,"enemies":"Hexaghost","floor":16,"turns":9},{"damage":0,"enemies":"2 Thieves","floor":18,"turns":3},{"damage":0,"enemies":"3 Byrds","floor":19,"turns":4},{"damage":0,"enemies":"Cultist and Chosen","floor":20,"turns":4},{"damage":10,"enemies":"Sentry and Sphere","floor":21,"turns":7},{"damage":0,"enemies":"Gremlin Leader","floor":23,"turns":7},{"damage":11,"enemies":"Book of Stabbing","floor":25,"turns":7},{"damage":17,"enemies":"Slavers","floor":28,"turns":10},{"damage":0,"enemies":"Centurion and Healer","floor":30,"turns":4},{"damage":70,"enemies":"Collector","floor":33,"turns":9}],"seed_played":"7025787092540515482","potions_obtained":[{"floor":1,"key":"SteroidPotion"},{"floor":6,"key":"SteroidPotion"},{"floor":8,"key":"LiquidMemories"},{"floor":13,"key":"AttackPotion"},{"floor":20,"key":"Swift Potion"},{"floor":21,"key":"Strength Potion"},{"floor":27,"key":"DuplicationPotion"},{"floor":27,"key":"SteroidPotion"},{"floor":27,"key":"GamblersBrew"}],"is_trial":false,"path_per_floor":["M","M","?","?","M","E","R","M","T","?","$","?","M","T","R","B",null,"M","M","M","M","?","E","R","E","T","?","E","?","M","?","R","B"],"character_chosen":"WATCHER","items_purchased":[],"campfire_rested":1,"item_purchase_floors":[],"current_hp_per_floor":[65,65,65,70,70,43,43,38,38,38,38,38,38,38,38,36,62,62,62,62,52,52,52,52,41,48,48,31,31,31,31,54,0],"gold":100,"neow_bonus":"RANDOM_COMMON_RELIC","is_prod":false,"is_daily":false,"chose_seed":false,"campfire_upgraded":3,"win_rate":0,"timestamp":1582480531,"path_taken":["M","M","?","?","M","E","R","M","T","?","$","?","?","?","R","BOSS","M","M","M","M","?","E","R","E","T","?","E","?","M","?","R","BOSS"],"build_version":"2020-01-14","purchased_purges":1,"victory":false,"max_hp_per_floor":[72,72,72,77,77,77,77,77,77,71,71,71,71,71,71,71,71,71,71,71,71,71,71,71,71,78,78,78,78,78,78,78,78],"card_choices":[{"not_picked":["EmptyBody","SashWhip"],"picked":"Swivel","floor":1},{"not_picked":["ThirdEye","PathToVictory"],"picked":"WheelKick","floor":2},{"not_picked":["BattleHymn","Study"],"picked":"Wallop","floor":5},{"not_picked":["Study","CrushJoints","Alpha"],"picked":"SKIP","floor":6},{"not_picked":["FlyingSleeves","Consecrate","Evaluate"],"picked":"SKIP","floor":8},{"not_picked":["JustLucky","ClearTheMind"],"picked":"Halt","floor":13},{"not_picked":["DevaForm","Brilliance"],"picked":"SpiritShield","floor":16},{"not_picked":["Protect","ReachHeaven"],"picked":"Halt","floor":18},{"not_picked":["PathToVictory+1","FollowUp","Evaluate"],"picked":"SKIP","floor":19},{"not_picked":["PathToVictory","Halt","WaveOfTheHand"],"picked":"SKIP","floor":20},{"not_picked":["BowlingBash+1","Halt"],"picked":"Wallop","floor":21},{"not_picked":["MasterReality","ThirdEye+1"],"picked":"Adaptation","floor":23},{"not_picked":["Halt","CrushJoints","DevaForm"],"picked":"SKIP","floor":25},{"not_picked":["FollowUp","CutThroughFate","JustLucky+1"],"picked":"SKIP","floor":28},{"not_picked":["FlyingSleeves","PathToVictory","CutThroughFate"],"picked":"SKIP","floor":30}],"player_experience":306577,"relics_obtained":[{"floor":6,"key":"Oddly Smooth Stone"},{"floor":9,"key":"Vajra"},{"floor":14,"key":"HornCleat"},{"floor":23,"key":"Juzu Bracelet"},{"floor":25,"key":"Ancient Tea Set"},{"floor":26,"key":"Strawberry"},{"floor":28,"key":"Boot"}],"event_choices":[{"cards_removed":["Strike_P"],"damage_healed":0,"gold_gain":0,"player_choice":"Card Removal","damage_taken":0,"max_hp_gain":0,"max_hp_loss":0,"event_name":"The Cleric","floor":3,"gold_loss":50},{"damage_healed":0,"gold_gain":0,"player_choice":"Donut","damage_taken":0,"max_hp_gain":5,"max_hp_loss":0,"event_name":"Big Fish","floor":4,"gold_loss":0},{"damage_healed":0,"gold_gain":0,"player_choice":"Lose Max HP","damage_taken":0,"relics_obtained":["Golden Idol"],"max_hp_gain":0,"max_hp_loss":6,"event_name":"Golden Idol","floor":10,"gold_loss":0},{"damage_healed":0,"gold_gain":0,"player_choice":"Bought 0 Potions","damage_taken":0,"max_hp_gain":0,"max_hp_loss":0,"event_name":"The Woman in Blue","floor":12,"gold_loss":0},{"damage_healed":0,"gold_gain":0,"player_choice":"Gave Idol","damage_taken":0,"relics_obtained":["Bloody Idol"],"max_hp_gain":0,"max_hp_loss":0,"event_name":"Forgotten Altar","floor":22,"relics_lost":["Golden Idol"],"gold_loss":0},{"damage_healed":0,"gold_gain":0,"player_choice":"Got Potions","damage_taken":0,"max_hp_gain":0,"max_hp_loss":0,"event_name":"Lab","floor":27,"gold_loss":0},{"cards_removed":["Defend_P"],"damage_healed":0,"gold_gain":0,"player_choice":"Gave Gold","damage_taken":0,"max_hp_gain":0,"max_hp_loss":0,"event_name":"Beggar","floor":29,"gold_loss":75},{"damage_healed":0,"gold_gain":0,"cards_transformed":["Strike_P","Defend_P"],"player_choice":"Became Test Subject","damage_taken":0,"max_hp_gain":0,"max_hp_loss":0,"event_name":"Drug Dealer","floor":31,"gold_loss":0,"cards_obtained":["ThirdEye","Vault"]}],"is_beta":false,"boss_relics":[{"not_picked":["SacredBark","Busted Crown"],"picked":"Ectoplasm"}],"items_purged_floors":[11],"is_endless":false,"potions_floor_spawned":[1,6,8,13,19,20,21],"killed_by":"Collector","ascension_level":9}