{"gold_per_floor":[119,119,139,139,139,139,182,182,205,205,130,210,210,253,253,377,377,397,158,181,194,69,69,107,107,107,131,131,172,186,101,101,101],"floor_reached":33,"playtime":1286,"items_purged":["Defend_P","Defend_P","Defend_P"],"score":510,"play_id":"7a8becc1-b5ea-4896-a3d9-560e9b21f20f","local_time":"20200219213559","is_ascension_mode":true,"campfire_choices":[{"floor":6,"key":"REST"},{"data":"Wallop","floor":8,"key":"SMITH"},{"data":"Halt","floor":10,"key":"SMITH"},{"data":"Vigilance","floor":13,"key":"SMITH"},{"data":"Defend_P","floor":15,"key":"SMITH"},{"data":"Adaptation","floor":23,"key":"SMITH"},{"data":"Swivel","floor":28,"key":"SMITH"},{"data":"Trip","floor":32,"key":"SMITH"}],"neow_cost":"NONE","seed_source_timestamp":22329387275800,"circlet_count":0,"master_deck":["Strike_P+1","Strike_P+1","Strike_P","Defend_P+1","Eruption+1","Vigilance+1","FearNoEvil+1","Halt+1","Wallop+1","Adaptation+1","Swivel+1","Halt+1","Crescendo+1","Trip+1"],"relics":["PureWater","NeowsBlessing","Golden Idol","Thread and Needle","Whetstone","Bag of Preparation","Matryoshka","Philosopher\u0027s Stone","Du-Vu Doll","Bottled Flame","Pantograph","MealTicket"],"potions_floor_usage":[12,21,24,30,33],"damage_taken":[{"damage":0,"enemies":"Jaw Worm","floor":1,"turns":1},{"damage":0,"enemies":"2 Louse","floor":3,"turns":1},{"damage":0,"enemies":"Gremlin Nob","floor":7,"turns":1},{"damage":2,"enemies":"3 Sentries","floor":12,"turns":7},{"damage":0,"enemies":"3 Sentries","floor":14,"turns":6},{"damage":6,"enemies":"The Guardian","floor":16,"turns":6},{"damage":21,"enemies":"3 Byrds","floor":18,"turns":6},{"damage":0,"enemies":"2 Thieves","floor":20,"turns":4},{"damage":0,"enemies":"Cultist and Chosen","floor":21,"turns":4},{"damage":0,"enemies":"Slavers","floor":24,"turns":5},{"damage":0,"enemies":"Centurion and Healer","floor":27,"turns":3},{"damage":17,"enemies":"Book of Stabbing","floor":29,"turns":5},{"damage":14,"enemies":"Sentry and Sphere","floor":30,"turns":5},{"damage":64,"enemies":"Collector","floor":33,"turns":5}],"seed_played":"410931552069183863","potions_obtained":[{"floor":7,"key":"Block Potion"},{"floor":16,"key":"Energy Potion"},{"floor":20,"key":"Swift Potion"},{"floor":24,"key":"GamblersBrew"},{"floor":30,"key":"FearPotion"}],"is_trial":false,"path_per_floor":["M","?","M","?","?","R","E","R","T","R","$","?","R","E","R","B",null,"M","$","M","M","$","R","E","?","T","M","R","E","M","$","R","B"],"character_chosen":"WATCHER","items_purchased":["Adaptation","Swivel","Trip"],"campfire_rested":1,"item_purchase_floors":[19,19,31],"current_hp_per_floor":[65,47,47,47,33,54,54,54,54,54,54,52,52,52,52,46,66,45,45,45,45,45,45,45,45,45,45,45,28,14,29,29,0],"gold":101,"neow_bonus":"THREE_ENEMY_KILL","is_prod":false,"is_daily":false,"chose_seed":false,"campfire_upgraded":7,"win_rate":0,"timestamp":1582130159,"path_taken":["M","?","M","?","?","R","E","R","T","R","$","?","R","E","R","BOSS","M","$","M","M","$","R","E","?","T","?","R","E","M","?","R","BOSS"],"build_version":"2020-01-14","purchased_purges":3,"victory":false,"max_hp_per_floor":[72,72,72,72,72,72,72,72,72,72,72,72,72,72,72,72,72,72,72,72,72,72,72,72,72,72,72,72,72,72,72,72,72],"card_choices":[{"not_picked":["ClearTheMind","Consecrate"],"picked":"FearNoEvil","floor":1},{"not_picked":["Consecrate","CrushJoints"],"picked":"Halt","floor":3},{"not_picked":["SashWhip","SpiritShield"],"picked":"Wallop","floor":7},{"not_picked":["Prostrate","Weave","Protect"],"picked":"SKIP","floor":14},{"not_picked":["CutThroughFate","TalkToTheHand","FlyingSleeves"],"picked":"SKIP","floor":18},{"not_picked":["PathToVictory","Protect","CrushJoints"],"picked":"SKIP","floor":20},{"not_picked":["Nirvana","FlurryOfBlows+1","SashWhip"],"picked":"SKIP","floor":21},{"not_picked":["LikeWater","FearNoEvil","WheelKick"],"picked":"SKIP","floor":24},{"not_picked":["CutThroughFate","Crescendo","Protect"],"picked":"SKIP","floor":27},{"not_picked":["WheelKick","Collect"],"picked":"Crescendo+1","floor":29},{"not_picked":["WreathOfFlame","CrushJoints","FearNoEvil"],"picked":"SKIP","floor":30}],"player_experience":297847,"relics_obtained":[{"floor":7,"key":"Thread and Needle"},{"floor":9,"key":"Whetstone"},{"floor":12,"key":"Bag of Preparation"},{"floor":14,"key":"Matryoshka"},{"floor":24,"key":"Du-Vu Doll"},{"floor":26,"key":"Bottled Flame"},{"floor":26,"key":"Pantograph"},{"floor":29,"key":"MealTicket"}],"event_choices":[{"damage_healed":0,"gold_gain":0,"player_choice":"Take Damage","damage_taken":18,"relics_obtained":["Golden Idol"],"max_hp_gain":0,"max_hp_loss":0,"event_name":"Golden Idol","floor":2,"gold_loss":0},{"cards_removed":["Strike_P"],"damage_healed":0,"gold_gain":0,"player_choice":"Forget","damage_taken":0,"max_hp_gain":0,"max_hp_loss":0,"event_name":"Living Wall","floor":4,"gold_loss":0},{"damage_healed":0,"gold_gain":0,"player_choice":"Entered Light","damage_taken":14,"max_hp_gain":0,"max_hp_loss":0,"event_name":"Shining Light","floor":5,"gold_loss":0,"cards_upgraded":["FearNoEvil","Eruption"]},{"damage_healed":0,"gold_gain":0,"player_choice":"Searched \u00271\u0027 times","damage_taken":0,"max_hp_gain":0,"max_hp_loss":0,"event_name":"Dead Adventurer","floor":12,"gold_loss":0},{"damage_healed":0,"gold_gain":0,"player_choice":"Copied","damage_taken":0,"max_hp_gain":0,"max_hp_loss":0,"event_name":"Duplicator","floor":25,"gold_loss":0,"cards_obtained":["Halt"]}],"is_beta":false,"boss_relics":[{"not_picked":["SlaversCollar","Runic Dome"],"picked":"Philosopher\u0027s Stone"}],"items_purged_floors":[11,19,22],"is_endless":false,"potions_floor_spawned":[7,16,20,24,30],"killed_by":"Collector","ascension_level":8}