{"gold_per_floor":[110,60,60,60,109,134,134,59,59,94,94,122,122,136,136,238,238,256,156,170,181,192,192,192,192,192,204,241,267,279,320,332,344],"floor_reached":33,"playtime":738,"items_purged":["Strike_P","Strike_P"],"score":567,"play_id":"6bc29e8f-5c47-4268-bc10-c84564cd807f","local_time":"20200220175434","is_ascension_mode":true,"campfire_choices":[{"data":"Ragnarok","floor":7.0,"key":"SMITH"},{"data":"Eruption","floor":11.0,"key":"SMITH"},{"data":"Conclude","floor":13.0,"key":"SMITH"},{"data":"DeusExMachina","floor":15.0,"key":"SMITH"},{"data":"Blasphemy","floor":23,"key":"SMITH"},{"floor":32,"key":"RECALL"}],"neow_cost":"NONE","seed_source_timestamp":13252118455900,"circlet_count":0,"master_deck":["Defend_P","Defend_P","Defend_P","Defend_P","Eruption+1","Vigilance","Conclude+1","Ragnarok+1","DeusExMachina+1","Blasphemy+1","Scrawl+1","Necronomicurse"],"special_seed":0,"relics":["PureWater","Tiny Chest","Bag of Marbles","Bag of Preparation","Singing Bowl","Centennial Puzzle","Toy Ornithopter","Orichalcum","Snecko Eye","Toxic Egg 2","MawBank","Ancient Tea Set","Necronomicon","Shuriken"],"potions_floor_usage":[],"damage_taken":[{"damage":8.0,"enemies":"Small Slimes","floor":1.0,"turns":4.0},{"damage":10.0,"enemies":"Gremlin Nob","floor":6.0,"turns":3.0},{"damage":7.0,"enemies":"Lagavulin","floor":10.0,"turns":3.0},{"damage":0.0,"enemies":"Gremlin Nob","floor":12.0,"turns":2.0},{"damage":0.0,"enemies":"Jaw Worm","floor":14.0,"turns":1.0},{"damage":10.0,"enemies":"Hexaghost","floor":16.0,"turns":4.0},{"damage":0.0,"enemies":"Spheric Guardian","floor":18.0,"turns":2.0},{"damage":0.0,"enemies":"Chosen","floor":20.0,"turns":4.0},{"damage":0,"enemies":"3 Cultists","floor":21,"turns":2},{"damage":0,"enemies":"Centurion and Healer","floor":22,"turns":1},{"damage":0,"enemies":"Slavers","floor":28,"turns":1},{"damage":0,"enemies":"Snecko","floor":29,"turns":1},{"damage":0,"enemies":"Gremlin Leader","floor":31,"turns":1},{"damage":99999,"enemies":"Collector","floor":33,"turns":2}],"seed_played":"6711047615668905063","potions_obtained":[{"floor":1.0,"key":"EssenceOfSteel"},{"floor":12.0,"key":"GamblersBrew"},{"floor":16.0,"key":"DuplicationPotion"},{"floor":18.0,"key":"Ancient Potion"},{"floor":29,"key":"DuplicationPotion"}],"is_trial":false,"path_per_floor":["M","?","?","?","T","E","R","$","T","E","R","E","R","M","R","B",null,"M","$","M","M","M","R","?","T","T","?","E","M","?","E","R","B"],"character_chosen":"WATCHER","items_purchased":[],"campfire_rested":0,"item_purchase_floors":[],"current_hp_per_floor":[57,57,50,47,47,37,37,37,37,30,30,32,32,34,34,29,64,66,66,73,75,77,77,61,61,61,61,63,65,49,51,51,0],"gold":344,"neow_bonus":"RANDOM_COMMON_RELIC","is_prod":false,"is_daily":false,"chose_seed":false,"campfire_upgraded":5,"win_rate":0,"timestamp":1582203274,"path_taken":["M","?","?","?","?","E","R","?","T","E","R","E","R","M","R","BOSS","M","$","M","M","?","R","?","?","T","?","E","M","?","E","R","BOSS"],"build_version":"2020-01-14","purchased_purges":2,"victory":false,"max_hp_per_floor":[72,72,72,72,72,72,72,72,72,72,72,74,74,76,76,76,76,78,78,80,82,84,84,89,89,89,89,91,93,93,95,95,95],"card_choices":[{"not_picked":["EmptyMind","Indignation"],"picked":"Conclude","floor":1.0},{"not_picked":["ClearTheMind","Evaluate"],"picked":"Ragnarok","floor":6.0},{"not_picked":["Protect","JustLucky"],"picked":"DeusExMachina","floor":10.0},{"not_picked":["FollowUp","Crescendo","WindmillStrike"],"picked":"Singing Bowl","floor":12.0},{"not_picked":["FlyingSleeves","WaveOfTheHand","JustLucky"],"picked":"Singing Bowl","floor":14.0},{"not_picked":["ConjureBlade","Brilliance"],"picked":"Blasphemy","floor":16.0},{"not_picked":["FlurryOfBlows+1","Consecrate+1","EmptyFist"],"picked":"Singing Bowl","floor":18.0},{"not_picked":["FlyingSleeves","Protect+1","FollowUp+1"],"picked":"Singing Bowl","floor":20.0},{"not_picked":["CutThroughFate","EmptyBody","CrushJoints"],"picked":"Singing Bowl","floor":21},{"not_picked":["Tantrum","EmptyFist","ForeignInfluence+1"],"picked":"Singing Bowl","floor":22},{"not_picked":["BattleHymn","Consecrate","ThirdEye+1"],"picked":"Singing Bowl","floor":28},{"not_picked":["EmptyBody+1","FlyingSleeves+1","CrushJoints+1"],"picked":"Singing Bowl","floor":29},{"not_picked":["EmptyMind+1","ForeignInfluence+1","WindmillStrike"],"picked":"Singing Bowl","floor":31}],"player_experience":301968,"relics_obtained":[{"floor":5.0,"key":"Bag of Preparation"},{"floor":6.0,"key":"Singing Bowl"},{"floor":9.0,"key":"Centennial Puzzle"},{"floor":10.0,"key":"Toy Ornithopter"},{"floor":12.0,"key":"Orichalcum"},{"floor":25,"key":"Toxic Egg 2"},{"floor":26,"key":"MawBank"},{"floor":28,"key":"Ancient Tea Set"},{"floor":30,"key":"Necronomicon"},{"floor":31,"key":"Shuriken"}],"event_choices":[{"cards_removed":["Strike_P"],"damage_healed":0.0,"max_hp_gain":0.0,"max_hp_loss":0.0,"gold_gain":0.0,"event_name":"The Cleric","player_choice":"Card Removal","floor":2.0,"gold_loss":50.0,"damage_taken":0.0},{"cards_removed":["Strike_P"],"damage_healed":0.0,"max_hp_gain":0.0,"max_hp_loss":0.0,"gold_gain":0.0,"event_name":"Golden Wing","player_choice":"Card Removal","floor":3.0,"gold_loss":0.0,"damage_taken":7.0},{"damage_healed":0.0,"max_hp_gain":0.0,"max_hp_loss":0.0,"gold_gain":0.0,"event_name":"Scrap Ooze","player_choice":"Success","floor":4.0,"gold_loss":0.0,"damage_taken":3.0,"relics_obtained":["Bag of Marbles"]},{"damage_healed":0,"gold_gain":0,"player_choice":"Shed Blood","damage_taken":21,"max_hp_gain":5,"max_hp_loss":0,"event_name":"Forgotten Altar","floor":24,"gold_loss":0},{"damage_healed":0,"gold_gain":0,"player_choice":"Read","damage_taken":0,"max_hp_gain":0,"max_hp_loss":0,"event_name":"The Library","floor":27,"gold_loss":0,"cards_obtained":["Scrawl"]},{"damage_healed":0,"gold_gain":0,"player_choice":"Obtained Book","damage_taken":16,"max_hp_gain":0,"max_hp_loss":0,"event_name":"Cursed Tome","floor":30,"gold_loss":0}],"is_beta":false,"boss_relics":[{"not_picked":["SlaversCollar","Ectoplasm"],"picked":"Snecko Eye"}],"items_purged_floors":[8,19],"is_endless":false,"potions_floor_spawned":[1,12,16,18,29],"killed_by":"Collector","ascension_level":9}