{"gold_per_floor":[115,115,81,98,110,110,110,110,134,165,103,119,144,156,156,256,256,275,235,250,250,250,281,281,281,304,304,329,349,349,362,362,459,459,472,492,492,492,511,511],"floor_reached":40,"playtime":1445,"items_purged":[],"score":459,"play_id":"f8fd4b81-0728-4994-9de4-d2472be5cd6c","local_time":"20191112224902","is_ascension_mode":false,"campfire_choices":[{"data":"Catalyst","floor":6,"key":"SMITH"},{"data":"Noxious Fumes","floor":8,"key":"SMITH"},{"data":"Catalyst","floor":15,"key":"SMITH"},{"data":"Survivor","floor":24,"key":"SMITH"},{"data":"Tools of the Trade","floor":27,"key":"SMITH"},{"floor":32,"key":"REST"}],"neow_cost":"NONE","seed_source_timestamp":3995486808789166,"circlet_count":0,"master_deck":["Defend_G+1","Defend_G+1","Defend_G","Defend_G+1","Survivor+1","Neutralize+1","Noxious Fumes+1","Catalyst+1","Deadly Poison+1","Crippling Poison","Catalyst+1","Tools of the Trade+1","Blur+1","Writhe","PiercingWail","PiercingWail","Malaise","Heel Hook+1","Bouncing Flask+1","Quick Slash+1"],"relics":["Sozu","Lantern","Regal Pillow","War Paint","Torii","Empty Cage","Tiny Chest","Pantograph","MealTicket","Mercury Hourglass","Blood Vial","Astrolabe"],"potions_floor_usage":[],"damage_taken":[{"damage":0,"enemies":"Jaw Worm","floor":1,"turns":5},{"damage":1,"enemies":"Cultist","floor":4,"turns":6},{"damage":0,"enemies":"2 Louse","floor":5,"turns":2},{"damage":10,"enemies":"Gremlin Nob","floor":10,"turns":4},{"damage":8,"enemies":"Exordium Thugs","floor":12,"turns":4},{"damage":11,"enemies":"3 Sentries","floor":13,"turns":6},{"damage":1,"enemies":"Lots of Slimes","floor":14,"turns":3},{"damage":1,"enemies":"The Guardian","floor":16,"turns":6},{"damage":0,"enemies":"Shell Parasite","floor":18,"turns":3},{"damage":6,"enemies":"2 Thieves","floor":20,"turns":3},{"damage":25,"enemies":"Gremlin Leader","floor":23,"turns":5},{"damage":25,"enemies":"Slavers","floor":28,"turns":7},{"damage":0,"enemies":"Snecko","floor":29,"turns":3},{"damage":2,"enemies":"Snake Plant","floor":31,"turns":3},{"damage":59,"enemies":"Automaton","floor":33,"turns":11},{"damage":26,"enemies":"3 Darklings","floor":35,"turns":5},{"damage":0,"enemies":"3 Shapes","floor":36,"turns":4},{"damage":22,"enemies":"Jaw Worm Horde","floor":39,"turns":5},{"damage":54,"enemies":"Reptomancer","floor":40,"turns":4}],"seed_played":"7871772768656602675","potions_obtained":[],"is_trial":false,"path_per_floor":["M","?","$","M","M","R","?","R","T","E","?","M","E","M","R","B",null,"M","?","M","?","?","E","R","$","T","R","E","M","T","M","R","B",null,"M","M","$","T","M","E"],"character_chosen":"THE_SILENT","items_purchased":["Catalyst"],"campfire_rested":1,"item_purchase_floors":[3],"current_hp_per_floor":[70,70,70,69,69,69,55,55,55,45,45,37,26,25,25,24,70,70,70,64,64,64,39,39,39,39,39,14,14,14,14,50,11,70,44,46,61,61,41,0],"gold":511,"neow_bonus":"BOSS_RELIC","is_prod":false,"is_daily":false,"chose_seed":false,"campfire_upgraded":5,"win_rate":0,"timestamp":1573580942,"path_taken":["M","?","?","?","M","R","?","R","T","E","?","M","E","M","R","BOSS","M","?","?","?","?","E","R","?","T","R","E","M","?","M","R","BOSS","M","M","$","?","M","E"],"build_version":"2019-10-30","purchased_purges":0,"victory":false,"max_hp_per_floor":[70,70,70,70,70,70,70,70,70,70,70,70,70,70,70,70,70,70,70,70,70,70,70,70,70,70,70,70,70,70,70,70,70,70,70,70,70,70,70,70],"card_choices":[{"not_picked":["Quick Slash","Dagger Throw"],"picked":"Noxious Fumes","floor":1},{"not_picked":["Underhanded Strike","Backflip"],"picked":"Deadly Poison","floor":4},{"not_picked":["Bane","Acrobatics"],"picked":"Crippling Poison","floor":5},{"not_picked":["Dodge and Roll","Finisher","Choke"],"picked":"SKIP","floor":10},{"not_picked":["Poisoned Stab","Deadly Poison"],"picked":"Catalyst","floor":12},{"not_picked":["Poisoned Stab","Backstab","Deflect"],"picked":"SKIP","floor":13},{"not_picked":["Choke","Accuracy","Doppelganger"],"picked":"SKIP","floor":14},{"not_picked":["Wraith Form v2","Doppelganger"],"picked":"Tools of the Trade","floor":16},{"not_picked":["Dagger Spray","Blade Dance+1","Dagger Throw+1"],"picked":"SKIP","floor":18},{"not_picked":["Sucker Punch","Cloak And Dagger+1"],"picked":"Blur+1","floor":20},{"not_picked":["Prepared","Infinite Blades"],"picked":"PiercingWail","floor":23},{"not_picked":["Glass Knife","Choke"],"picked":"PiercingWail","floor":28},{"not_picked":["Poisoned Stab","Flechettes+1","Slice"],"picked":"SKIP","floor":29},{"not_picked":["Terror+1","Backstab","Acrobatics"],"picked":"SKIP","floor":31},{"not_picked":["Tools of the Trade","Glass Knife"],"picked":"Malaise","floor":33},{"not_picked":["All Out Attack","Terror+1","Dagger Throw"],"picked":"SKIP","floor":35},{"not_picked":["Tactician+1","Flechettes+1","Slice+1"],"picked":"SKIP","floor":36},{"not_picked":["Outmaneuver","Poisoned Stab+1","Accuracy+1"],"picked":"SKIP","floor":39}],"player_experience":54889,"relics_obtained":[{"floor":9,"key":"Lantern"},{"floor":10,"key":"Regal Pillow"},{"floor":13,"key":"Torii"},{"floor":23,"key":"Pantograph"},{"floor":26,"key":"MealTicket"},{"floor":28,"key":"Mercury Hourglass"},{"floor":30,"key":"Blood Vial"}],"event_choices":[{"cards_removed":["Strike_G"],"damage_healed":0,"gold_gain":0,"player_choice":"Purged","damage_taken":0,"max_hp_gain":0,"max_hp_loss":0,"event_name":"Purifier","floor":2,"gold_loss":0},{"damage_healed":0,"gold_gain":0,"player_choice":"Entered Light","damage_taken":14,"max_hp_gain":0,"max_hp_loss":0,"event_name":"Shining Light","floor":7,"gold_loss":0,"cards_upgraded":["Defend_G","Neutralize"]},{"damage_healed":0,"gold_gain":0,"player_choice":"Paid Gold","damage_taken":0,"relics_obtained":["War Paint"],"max_hp_gain":0,"max_hp_loss":0,"event_name":"WeMeetAgain","floor":11,"gold_loss":62},{"damage_healed":0,"gold_gain":0,"player_choice":"Upgrade","damage_taken":0,"max_hp_gain":0,"max_hp_loss":0,"event_name":"Designer","floor":19,"gold_loss":40,"cards_upgraded":["Deadly Poison"]},{"damage_healed":0,"gold_gain":0,"player_choice":"Ignored","damage_taken":0,"max_hp_gain":0,"max_hp_loss":0,"event_name":"Beggar","floor":21,"gold_loss":0},{"damage_healed":0,"gold_gain":0,"player_choice":"Opened","damage_taken":0,"relics_obtained":["Tiny Chest"],"max_hp_gain":0,"max_hp_loss":0,"event_name":"The Mausoleum","floor":22,"gold_loss":0,"cards_obtained":["Writhe"]}],"is_beta":true,"boss_relics":[{"not_picked":["WristBlade","Runic Dome"],"picked":"Empty Cage"},{"not_picked":["Fusion Hammer","Velvet Choker"],"picked":"Astrolabe"}],"items_purged_floors":[],"is_endless":false,"potions_floor_spawned":[4,12,16,28,29,36],"killed_by":"Reptomancer","ascension_level":0}