{"gold_per_floor":[109,32,32,32,32,61,61,78,78,98,98,98,109,121,121,219,219,232,247,281,206,206,238,253,285,334,352,372,372],"floor_reached":29,"playtime":1203,"items_purged":[],"score":315,"play_id":"0d8a3ea7-4814-4662-8525-a12b9ad9a9a6","local_time":"20191116145550","is_ascension_mode":false,"campfire_choices":[{"data":"Glass Knife","floor":7,"key":"SMITH"},{"data":"Backflip","floor":12,"key":"SMITH"},{"data":"Escape Plan","floor":15,"key":"SMITH"}],"neow_cost":"NONE","seed_source_timestamp":261052173931882,"circlet_count":0,"master_deck":["Strike_G","Strike_G","Strike_G","Strike_G","Defend_G","Defend_G","Defend_G","Defend_G","Defend_G","Survivor","Neutralize","Escape Plan+1","Footwork","Glass Knife+1","Footwork","Caltrops","Backflip+1","Bullet Time","Blur+1","Skewer+1","Footwork"],"relics":["Ring of the Serpent","NeowsBlessing","Orichalcum","Oddly Smooth Stone","Ninja Scroll","Red Mask","PreservedInsect","Bag of Marbles","Dream Catcher"],"potions_floor_usage":[16,18,20,23,28],"damage_taken":[{"damage":0,"enemies":"Jaw Worm","floor":1,"turns":1},{"damage":0,"enemies":"Lagavulin","floor":6,"turns":1},{"damage":0,"enemies":"Small Slimes","floor":8,"turns":1},{"damage":0,"enemies":"Cultist","floor":10,"turns":3},{"damage":1,"enemies":"Blue Slaver","floor":13,"turns":2},{"damage":4,"enemies":"Large Slime","floor":14,"turns":8},{"damage":31,"enemies":"Hexaghost","floor":16,"turns":11},{"damage":15,"enemies":"2 Thieves","floor":18,"turns":5},{"damage":0,"enemies":"Shell Parasite","floor":19,"turns":7},{"damage":24,"enemies":"Masked Bandits","floor":20,"turns":7},{"damage":0,"enemies":"Book of Stabbing","floor":23,"turns":9},{"damage":5,"enemies":"Centurion and Healer","floor":24,"turns":9},{"damage":13,"enemies":"Slavers","floor":25,"turns":6},{"damage":4,"enemies":"Shelled Parasite and Fungi","floor":27,"turns":7},{"damage":6,"enemies":"3 Cultists","floor":28,"turns":7},{"damage":12,"enemies":"Snake Plant","floor":29,"turns":3}],"seed_played":"3867679019189273629","potions_obtained":[{"floor":1,"key":"Poison Potion"},{"floor":8,"key":"BlessingOfTheForge"},{"floor":10,"key":"DistilledChaos"},{"floor":19,"key":"Poison Potion"},{"floor":22,"key":"ColorlessPotion"},{"floor":22,"key":"SmokeBomb"},{"floor":24,"key":"LiquidMemories"},{"floor":28,"key":"Ancient Potion"}],"is_trial":false,"path_per_floor":["M","$","?","?","$","E","R","M","T","M","?","R","M","M","R","B",null,"M","M","?","?","?","E","M","E","T","M","M","M"],"character_chosen":"THE_SILENT","items_purchased":["Footwork"],"campfire_rested":0,"item_purchase_floors":[2],"current_hp_per_floor":[70,70,58,58,58,58,58,58,58,58,63,63,62,58,58,27,75,60,60,36,36,36,36,31,18,18,14,8,0],"gold":372,"neow_bonus":"THREE_ENEMY_KILL","is_prod":false,"is_daily":false,"chose_seed":false,"campfire_upgraded":3,"win_rate":0,"timestamp":1573898150,"path_taken":["M","$","?","?","$","E","R","M","T","?","?","R","M","M","R","BOSS","M","M","?","?","?","E","?","E","T","M","M","M"],"build_version":"2019-10-30","purchased_purges":0,"victory":false,"max_hp_per_floor":[70,70,70,70,70,70,70,70,70,70,75,75,75,75,75,75,75,75,75,75,75,75,75,75,75,75,75,75,75],"card_choices":[{"not_picked":["Blade Dance","Quick Slash"],"picked":"Escape Plan","floor":1},{"not_picked":["Prepared","Dash"],"picked":"Footwork","floor":6},{"not_picked":["Underhanded Strike","Bane"],"picked":"Caltrops","floor":8},{"not_picked":["Slice","Outmaneuver"],"picked":"Backflip","floor":10},{"not_picked":["All Out Attack","Poisoned Stab","Predator"],"picked":"SKIP","floor":13},{"not_picked":["Choke","Dash","Tools of the Trade"],"picked":"SKIP","floor":14},{"not_picked":["Die Die Die","Wraith Form v2"],"picked":"Bullet Time","floor":16},{"not_picked":["Dagger Spray","Underhanded Strike+1"],"picked":"Blur+1","floor":18},{"not_picked":["Underhanded Strike","Poisoned Stab+1","Cloak And Dagger"],"picked":"SKIP","floor":19},{"not_picked":["Terror+1","Die Die Die"],"picked":"Skewer+1","floor":20},{"not_picked":["Masterful Stab","Deflect+1"],"picked":"Footwork","floor":23},{"not_picked":["Flechettes+1","Dodge and Roll","Backflip"],"picked":"SKIP","floor":24},{"not_picked":["Flying Knee","Dodge and Roll","Terror"],"picked":"SKIP","floor":25},{"not_picked":["Flechettes","Blade Dance","Expertise"],"picked":"SKIP","floor":27},{"not_picked":["Bouncing Flask","Backflip+1","Bane+1"],"picked":"SKIP","floor":28}],"player_experience":67187,"relics_obtained":[{"floor":6,"key":"Oddly Smooth Stone"},{"floor":9,"key":"Ninja Scroll"},{"floor":20,"key":"Red Mask"},{"floor":23,"key":"PreservedInsect"},{"floor":25,"key":"Bag of Marbles"},{"floor":26,"key":"Dream Catcher"}],"event_choices":[{"damage_healed":0,"gold_gain":0,"player_choice":"Success","damage_taken":12,"relics_obtained":["Orichalcum"],"max_hp_gain":0,"max_hp_loss":0,"event_name":"Scrap Ooze","floor":3,"gold_loss":0},{"damage_healed":0,"gold_gain":0,"player_choice":"1 cards matched","damage_taken":0,"max_hp_gain":0,"max_hp_loss":0,"event_name":"Match and Keep!","floor":4,"gold_loss":0,"cards_obtained":["Glass Knife"]},{"damage_healed":0,"gold_gain":0,"player_choice":"Donut","damage_taken":0,"max_hp_gain":5,"max_hp_loss":0,"event_name":"Big Fish","floor":11,"gold_loss":0},{"damage_healed":0,"gold_gain":0,"player_choice":"Fought Bandits","damage_taken":0,"max_hp_gain":0,"max_hp_loss":0,"event_name":"Masked Bandits","floor":20,"gold_loss":0},{"cards_removed":["Strike_G"],"damage_healed":0,"gold_gain":0,"player_choice":"Gave Gold","damage_taken":0,"max_hp_gain":0,"max_hp_loss":0,"event_name":"Beggar","floor":21,"gold_loss":75},{"damage_healed":0,"gold_gain":0,"player_choice":"Got Potions","damage_taken":0,"max_hp_gain":0,"max_hp_loss":0,"event_name":"Lab","floor":22,"gold_loss":0}],"is_beta":true,"boss_relics":[{"not_picked":["Runic Dome","SacredBark"],"picked":"Ring of the Serpent"}],"items_purged_floors":[],"is_endless":false,"potions_floor_spawned":[1,8,10,19,24,28],"killed_by":"Snake Plant","ascension_level":0}