{"gold_per_floor":[114,114,17,35,51,51,70,30,57,69,81],"floor_reached":11,"playtime":328,"items_purged":[],"score":63,"play_id":"f6e8b026-42d0-4de2-8a19-b7b4a5b889e5","local_time":"20191115222123","is_ascension_mode":false,"campfire_choices":[{"data":"Enlightenment","floor":6,"key":"SMITH"}],"neow_cost":"NONE","seed_source_timestamp":202257916901498,"circlet_count":0,"master_deck":["Strike_G","Strike_G","Strike_G","Strike_G","Strike_G","Defend_G","Defend_G","Defend_G","Defend_G","Defend_G","Survivor","Neutralize","PiercingWail","Enlightenment+1","Finesse","Choke+1","Footwork","Catalyst","Blur"],"relics":["Ring of the Snake","Potion Belt","MawBank"],"potions_floor_usage":[7,11],"damage_taken":[{"damage":3,"enemies":"Jaw Worm","floor":1,"turns":4},{"damage":2,"enemies":"Cultist","floor":4,"turns":4},{"damage":0,"enemies":"2 Louse","floor":5,"turns":2},{"damage":0,"enemies":"Exordium Thugs","floor":7,"turns":7},{"damage":23,"enemies":"Lagavulin","floor":11,"turns":9}],"seed_played":"-8753604598615916567","potions_obtained":[{"floor":4,"key":"SkillPotion"},{"floor":5,"key":"Explosive Potion"}],"is_trial":false,"path_per_floor":["M","?","$","M","M","R","M","$","T","?","E"],"character_chosen":"THE_SILENT","items_purchased":["Finesse","Blur"],"campfire_rested":0,"item_purchase_floors":[3,8],"current_hp_per_floor":[67,67,67,65,65,65,65,65,65,65,42],"gold":81,"neow_bonus":"RANDOM_COMMON_RELIC","is_prod":false,"is_daily":false,"chose_seed":false,"campfire_upgraded":1,"win_rate":0,"timestamp":1573838483,"path_taken":["M","?","$","?","M","R","M","$","T","?","E"],"build_version":"2019-10-30","purchased_purges":0,"victory":false,"max_hp_per_floor":[70,70,70,70,70,70,70,70,70,70,70],"card_choices":[{"not_picked":["Bane","Flechettes"],"picked":"PiercingWail","floor":1},{"not_picked":["Dagger Throw","Flying Knee"],"picked":"Choke","floor":4},{"not_picked":["Bouncing Flask","Prepared"],"picked":"Footwork","floor":5},{"not_picked":["Bane","Flying Knee"],"picked":"Catalyst","floor":7}],"player_experience":66859,"relics_obtained":[{"floor":9,"key":"MawBank"}],"event_choices":[{"damage_healed":0,"gold_gain":0,"player_choice":"1 cards matched","damage_taken":0,"max_hp_gain":0,"max_hp_loss":0,"event_name":"Match and Keep!","floor":2,"gold_loss":0,"cards_obtained":["Enlightenment"]},{"damage_healed":0,"gold_gain":0,"player_choice":"Upgraded","damage_taken":0,"max_hp_gain":0,"max_hp_loss":0,"event_name":"Upgrade Shrine","floor":10,"gold_loss":0,"cards_upgraded":["Choke"]}],"is_beta":true,"boss_relics":[],"items_purged_floors":[],"is_endless":false,"potions_floor_spawned":[4,5],"killed_by":"Lagavulin","ascension_level":0}