{"gold_per_floor":[113,113,188,188,39,39,72,72,72,88,113,133,133,154,154,280,280,303,218,317,340,340,340,381,82,82,97,138,138,153,174,174,293,293,313,221,241,304,304,304,637,637],"floor_reached":42,"playtime":1705,"items_purged":[],"score":522,"play_id":"83de2895-ccb6-433c-830c-d9cede059a24","local_time":"20191130163740","is_ascension_mode":true,"campfire_choices":[{"floor":6.0,"key":"REST"},{"floor":8.0,"key":"REST"},{"data":"Flechettes","floor":15.0,"key":"SMITH"},{"data":"Crippling Poison","floor":23,"key":"SMITH"},{"floor":29,"key":"REST"},{"data":"Adrenaline","floor":32,"key":"SMITH"},{"data":"Bullet Time","floor":40,"key":"SMITH"}],"neow_cost":"NONE","seed_source_timestamp":1476359322654650,"circlet_count":0,"master_deck":["Strike_G","Strike_G","Strike_G","Strike_G","Defend_G","Defend_G","Defend_G+1","Defend_G","Defend_G+1","Survivor","Neutralize","Crippling Poison+1","Heel Hook","Bane","Adrenaline+1","Flechettes+1","Blur","Malaise","Tactician","PiercingWail","Reflex","Prepared+1","Tactician","PiercingWail+1","Skewer+1","Bullet Time+1","Deflect+1","Footwork","Acrobatics","Deadly Poison","Terror+1"],"special_seed":0,"relics":["Runic Pyramid","War Paint","Mercury Hourglass","Gremlin Horn","HoveringKite","Snake Skull","Red Mask","HandDrill","Happy Flower","Vajra","Dream Catcher","Snecko Eye","Prayer Wheel"],"potions_floor_usage":[24,33,42],"damage_taken":[{"damage":9.0,"enemies":"Small Slimes","floor":1.0,"turns":4.0},{"damage":46.0,"enemies":"Lagavulin","floor":7.0,"turns":9.0},{"damage":0.0,"enemies":"2 Louse","floor":10.0,"turns":2.0},{"damage":0.0,"enemies":"Jaw Worm","floor":11.0,"turns":4.0},{"damage":0.0,"enemies":"3 Louse","floor":12.0,"turns":2.0},{"damage":0.0,"enemies":"2 Fungi Beasts","floor":14.0,"turns":3.0},{"damage":41,"enemies":"Hexaghost","floor":16,"turns":11},{"damage":14,"enemies":"Spheric Guardian","floor":18,"turns":4},{"damage":2,"enemies":"2 Thieves","floor":21,"turns":4},{"damage":30,"enemies":"Masked Bandits","floor":24,"turns":4},{"damage":2,"enemies":"Shelled Parasite and Fungi","floor":27,"turns":4},{"damage":6,"enemies":"Slavers","floor":28,"turns":5},{"damage":4,"enemies":"Sentry and Sphere","floor":30,"turns":7},{"damage":0,"enemies":"Snake Plant","floor":31,"turns":2},{"damage":11,"enemies":"Collector","floor":33,"turns":8},{"damage":0,"enemies":"Orb Walker","floor":35,"turns":2},{"damage":18,"enemies":"3 Darklings","floor":37,"turns":4},{"damage":6,"enemies":"Mind Bloom Boss Battle","floor":38,"turns":7},{"damage":47,"enemies":"Reptomancer","floor":42,"turns":8}],"seed_played":"389430801661415826","potions_obtained":[{"floor":1.0,"key":"LiquidMemories"},{"floor":11.0,"key":"SpeedPotion"},{"floor":14.0,"key":"Regen Potion"},{"floor":16,"key":"EssenceOfSteel"},{"floor":24,"key":"DistilledChaos"},{"floor":31,"key":"Dexterity Potion"},{"floor":33,"key":"SkillPotion"}],"is_trial":false,"path_per_floor":["M","?","?","?","$","R","E","R","T","M","M","M","?","M","R","B",null,"M","?","?","M","?","R","?","$","T","M","E","R","M","M","R","B",null,"M","$","M","?","?","R","?","E"],"character_chosen":"THE_SILENT","items_purchased":["War Paint","HandDrill","Happy Flower","Footwork","Acrobatics"],"campfire_rested":3,"item_purchase_floors":[5,25,25,36,36],"current_hp_per_floor":[61,44,33,26,26,47,1,22,22,22,22,22,45,45,45,4,70,56,56,56,54,54,54,33,33,33,31,25,46,42,42,42,31,70,70,70,52,46,46,46,46,0],"gold":637,"neow_bonus":"BOSS_RELIC","is_prod":false,"is_daily":false,"chose_seed":false,"campfire_upgraded":4,"win_rate":0,"timestamp":1575113860,"path_taken":["M","?","?","?","$","R","E","R","T","M","M","M","?","M","R","BOSS","M","?","?","?","?","R","?","?","T","M","E","R","M","M","R","BOSS","M","$","M","?","?","R","?","E"],"build_version":"2019-10-30","purchased_purges":0,"victory":false,"max_hp_per_floor":[70,70,70,70,70,70,70,70,70,70,70,70,70,70,70,70,70,70,70,70,70,70,70,70,70,70,70,70,70,70,70,70,70,70,70,70,70,70,70,70,70,70],"card_choices":[{"not_picked":["Leg Sweep","Deflect"],"picked":"Crippling Poison","floor":1.0},{"not_picked":["Sucker Punch","Flying Knee"],"picked":"Heel Hook","floor":7.0},{"not_picked":["Endless Agony","Crippling Poison"],"picked":"Bane","floor":10.0},{"not_picked":["Deflect","Sucker Punch"],"picked":"Adrenaline","floor":11.0},{"not_picked":["Quick Slash","Blade Dance"],"picked":"Flechettes","floor":12.0},{"not_picked":["Crippling Poison","Masterful Stab"],"picked":"Blur","floor":14.0},{"not_picked":["Burst","Unload"],"picked":"Malaise","floor":16},{"not_picked":["Bane","Dagger Spray"],"picked":"Tactician","floor":18},{"not_picked":["Deflect","Poisoned Stab"],"picked":"PiercingWail","floor":21},{"not_picked":["Flying Knee","Blade Dance+1"],"picked":"Reflex","floor":24},{"not_picked":["Outmaneuver+1","Flying Knee+1"],"picked":"Prepared+1","floor":27},{"not_picked":["Night Terror","Poisoned Stab"],"picked":"Tactician","floor":28},{"not_picked":["Cloak And Dagger","Masterful Stab+1"],"picked":"PiercingWail+1","floor":29},{"not_picked":["Outmaneuver","Flying Knee"],"picked":"Skewer+1","floor":30},{"not_picked":["Quick Slash","Reflex","Choke+1"],"picked":"SKIP","floor":31},{"not_picked":["Quick Slash","Reflex","Choke+1"],"picked":"SKIP","floor":31},{"not_picked":["Unload","Venomology"],"picked":"Bullet Time","floor":33},{"not_picked":["Dash","Finisher+1"],"picked":"Deflect+1","floor":35},{"not_picked":["Poisoned Stab","Distraction"],"picked":"Deadly Poison","floor":37},{"not_picked":["Dagger Spray","Quick Slash"],"picked":"Terror+1","floor":38}],"player_experience":108398,"relics_obtained":[{"floor":7.0,"key":"Mercury Hourglass"},{"floor":9.0,"key":"Gremlin Horn"},{"floor":24,"key":"Red Mask"},{"floor":26,"key":"Vajra"},{"floor":28,"key":"Dream Catcher"},{"floor":38,"key":"Prayer Wheel"}],"event_choices":[{"damage_healed":0.0,"max_hp_gain":0.0,"max_hp_loss":0.0,"gold_gain":0.0,"event_name":"Golden Idol","player_choice":"Take Damage","floor":2.0,"gold_loss":0.0,"damage_taken":17.0,"relics_obtained":["Golden Idol"]},{"damage_healed":0.0,"max_hp_gain":0.0,"max_hp_loss":0.0,"gold_gain":75.0,"event_name":"World of Goop","player_choice":"Gather Gold","floor":3.0,"gold_loss":0.0,"damage_taken":11.0},{"cards_removed":["Strike_G"],"damage_healed":0.0,"max_hp_gain":0.0,"max_hp_loss":0.0,"gold_gain":0.0,"event_name":"Golden Wing","player_choice":"Card Removal","floor":4.0,"gold_loss":0.0,"damage_taken":7.0},{"damage_healed":23.0,"max_hp_gain":0.0,"max_hp_loss":0.0,"gold_gain":0.0,"event_name":"Big Fish","player_choice":"Banana","floor":13.0,"gold_loss":0.0,"damage_taken":0.0},{"damage_healed":0,"gold_gain":0,"player_choice":"Obtained Relic","damage_taken":0,"relics_obtained":["Snake Skull"],"max_hp_gain":0,"max_hp_loss":0,"event_name":"Addict","floor":19,"gold_loss":85},{"damage_healed":0,"gold_gain":99,"player_choice":"Stole From Cult","damage_taken":0,"max_hp_gain":0,"max_hp_loss":0,"event_name":"Nest","floor":20,"gold_loss":0},{"damage_healed":0,"gold_gain":0,"player_choice":"Ignored","damage_taken":0,"max_hp_gain":0,"max_hp_loss":0,"event_name":"Ghosts","floor":22,"gold_loss":0},{"damage_healed":0,"gold_gain":0,"player_choice":"Fought Bandits","damage_taken":0,"max_hp_gain":0,"max_hp_loss":0,"event_name":"Masked Bandits","floor":24,"gold_loss":0},{"damage_healed":0,"gold_gain":0,"player_choice":"Fight","damage_taken":0,"max_hp_gain":0,"max_hp_loss":0,"event_name":"MindBloom","floor":38,"gold_loss":0},{"damage_healed":0,"gold_gain":0,"player_choice":"Ignored","damage_taken":0,"max_hp_gain":0,"max_hp_loss":0,"event_name":"Mysterious Sphere","floor":39,"gold_loss":0},{"damage_healed":0,"gold_gain":333,"player_choice":"Gave Idol","damage_taken":0,"max_hp_gain":0,"max_hp_loss":0,"event_name":"The Moai Head","floor":41,"relics_lost":["Golden Idol"],"gold_loss":0}],"is_beta":true,"boss_relics":[{"not_picked":["Tiny House","WristBlade"],"picked":"HoveringKite"},{"not_picked":["Runic Dome","Cursed Key"],"picked":"Snecko Eye"}],"items_purged_floors":[],"is_endless":false,"potions_floor_spawned":[1,11,14,16,24,27,28,31,33],"killed_by":"Reptomancer","ascension_level":4}