{"gold_per_floor":[111,66,66,82,96,96,107,107,107,107,118,132,144,157,157,253,253,272,371,61,79,79,79,79],"floor_reached":24,"playtime":757,"items_purged":[],"score":228,"play_id":"b6088fb0-e5d8-41d9-b2fa-f08980582ed1","local_time":"20191201144933","is_ascension_mode":true,"campfire_choices":[{"data":"Cloak And Dagger","floor":6,"key":"SMITH"},{"data":"Dodge and Roll","floor":8,"key":"SMITH"},{"data":"Caltrops","floor":15,"key":"SMITH"},{"data":"Tools of the Trade","floor":23,"key":"SMITH"}],"neow_cost":"NONE","seed_source_timestamp":1557237289293345,"circlet_count":0,"master_deck":["Strike_G","Strike_G","Strike_G","Strike_G","Defend_G","Defend_G","Defend_G","Defend_G","Survivor","Neutralize","Doppelganger","Dodge and Roll+1","Dagger Spray+1","Leg Sweep","Cloak And Dagger+1","PiercingWail","Caltrops+1","Sucker Punch","Tools of the Trade+1","Underhanded Strike","Leg Sweep","Crippling Poison","All Out Attack"],"relics":["Ring of the Snake","Mummified Hand","NlothsMask","Runic Pyramid","Du-Vu Doll"],"potions_floor_usage":[13],"damage_taken":[{"damage":0,"enemies":"Small Slimes","floor":1,"turns":3},{"damage":2,"enemies":"Cultist","floor":4,"turns":4},{"damage":0,"enemies":"2 Louse","floor":5,"turns":2},{"damage":0,"enemies":"Lots of Slimes","floor":7,"turns":1},{"damage":0,"enemies":"2 Fungi Beasts","floor":11,"turns":4},{"damage":0,"enemies":"3 Louse","floor":12,"turns":2},{"damage":0,"enemies":"Exordium Thugs","floor":13,"turns":3},{"damage":0,"enemies":"Looter","floor":14,"turns":3},{"damage":55,"enemies":"Hexaghost","floor":16,"turns":11},{"damage":21,"enemies":"Spheric Guardian","floor":18,"turns":6},{"damage":5,"enemies":"Chosen","floor":21,"turns":6},{"damage":11,"enemies":"Snake Plant","floor":24,"turns":4}],"seed_played":"-7381011696050653614","potions_obtained":[{"floor":7,"key":"Explosive Potion"},{"floor":11,"key":"SpeedPotion"},{"floor":12,"key":"SpeedPotion"},{"floor":14,"key":"EntropicBrew"},{"floor":21,"key":"Dexterity Potion"}],"is_trial":false,"path_per_floor":["M","$","?","M","M","R","M","R","T","?","M","M","M","M","R","B",null,"M","?","$","M","?","R","M"],"character_chosen":"THE_SILENT","items_purchased":["Dagger Spray","Du-Vu Doll"],"campfire_rested":0,"item_purchase_floors":[2,20],"current_hp_per_floor":[70,70,70,68,68,68,68,68,68,68,68,68,68,68,68,13,70,49,49,49,44,44,44,33],"gold":79,"neow_bonus":"ONE_RANDOM_RARE_CARD","is_prod":false,"is_daily":false,"chose_seed":false,"campfire_upgraded":4,"win_rate":0,"timestamp":1575193773,"path_taken":["M","$","?","?","M","R","M","R","T","?","M","M","?","M","R","BOSS","M","?","$","M","?","R","M"],"build_version":"2019-10-30","purchased_purges":0,"victory":false,"max_hp_per_floor":[70,70,70,70,70,70,70,70,70,70,70,70,70,70,70,70,70,70,70,70,70,70,70,70],"card_choices":[{"not_picked":["Deflect","Slice"],"picked":"Dodge and Roll","floor":1},{"not_picked":["Outmaneuver","Riddle With Holes"],"picked":"Leg Sweep","floor":4},{"not_picked":["PiercingWail","Deadly Poison"],"picked":"Cloak And Dagger","floor":5},{"not_picked":["Deflect","Expertise","Poisoned Stab"],"picked":"SKIP","floor":7},{"not_picked":["Flying Knee","All Out Attack","Prepared"],"picked":"SKIP","floor":11},{"not_picked":["Underhanded Strike","Acrobatics"],"picked":"PiercingWail","floor":12},{"not_picked":["Acrobatics","Quick Slash"],"picked":"Caltrops","floor":13},{"not_picked":["Setup","Expertise"],"picked":"Sucker Punch","floor":14},{"not_picked":["Grand Finale","Burst"],"picked":"Tools of the Trade","floor":16},{"not_picked":["Quick Slash","Poisoned Stab"],"picked":"Underhanded Strike","floor":18},{"not_picked":["Infinite Blades","Prepared"],"picked":"Leg Sweep","floor":21}],"player_experience":112283,"relics_obtained":[{"floor":9,"key":"Mummified Hand"}],"event_choices":[{"damage_healed":0,"gold_gain":0,"player_choice":"Forge","damage_taken":0,"max_hp_gain":0,"max_hp_loss":0,"event_name":"Accursed Blacksmith","floor":3,"gold_loss":0,"cards_upgraded":["Dagger Spray"]},{"damage_healed":0,"gold_gain":0,"player_choice":"Trade","damage_taken":0,"relics_obtained":["NlothsMask"],"max_hp_gain":0,"max_hp_loss":0,"event_name":"FaceTrader","floor":10,"gold_loss":0},{"damage_healed":0,"gold_gain":99,"player_choice":"Stole From Cult","damage_taken":0,"max_hp_gain":0,"max_hp_loss":0,"event_name":"Nest","floor":19,"gold_loss":0},{"damage_healed":0,"gold_gain":0,"cards_transformed":["Strike_G","Defend_G"],"player_choice":"Became Test Subject","damage_taken":0,"max_hp_gain":0,"max_hp_loss":0,"event_name":"Drug Dealer","floor":22,"gold_loss":0,"cards_obtained":["Crippling Poison","All Out Attack"]}],"is_beta":true,"boss_relics":[{"not_picked":["Snecko Eye","Black Star"],"picked":"Runic Pyramid"}],"items_purged_floors":[],"is_endless":false,"potions_floor_spawned":[7,11,12,14,21],"killed_by":"Snake Plant","ascension_level":4}