{"gold_per_floor":[119,135,147,147,158,189,189,206,229,229,229,259,277,341,341,443,443,456,472,472,102,27,27,27,54,135,151,151,151,202,32,32,134,134,162,174,186,198,220,232,269,281,320,332,117,130,130,130,130,130],"floor_reached":51,"playtime":2396,"items_purged":["Pain","Night Terror"],"score":969,"play_id":"74c28a9a-911e-40a9-9435-cfaefed95719","local_time":"20191221232811","is_ascension_mode":true,"campfire_choices":[{"floor":7.0,"key":"REST"},{"floor":10.0,"key":"REST"},{"floor":15.0,"key":"REST"},{"floor":23.0,"key":"REST"},{"floor":28.0,"key":"REST"},{"floor":32.0,"key":"REST"},{"floor":40.0,"key":"REST"},{"floor":42.0,"key":"REST"},{"floor":44,"key":"RECALL"},{"floor":49,"key":"REST"}],"neow_cost":"NONE","seed_source_timestamp":269242986784004,"circlet_count":0,"master_deck":["Strike_G+1","Defend_G+1","Defend_G+1","Defend_G+1","Defend_G+1","Defend_G+1","Neutralize+1","Deadly Poison","Caltrops","Backflip","Footwork","Deadly Poison","Leg Sweep","Glass Knife","Venomology+1","Dagger Throw+1","Deadly Poison+1","Infinite Blades","Dagger Spray+1","Footwork","Infinite Blades","Infinite Blades","Prepared+1","Adrenaline","CurseOfTheBell","Cloak And Dagger+1","Apotheosis+1","Cloak And Dagger+1","Cloak And Dagger+1","Footwork+1","Footwork","Cloak And Dagger+1"],"special_seed":0,"relics":["Fusion Hammer","Dream Catcher","Potion Belt","WarpedTongs","Akabeko","Whetstone","Astrolabe","Shuriken","Ancient Tea Set","Darkstone Periapt","Orichalcum","Calling Bell","MawBank","Toxic Egg 2","Pocketwatch","Eternal Feather","Ninja Scroll","Omamori","Nunchaku"],"potions_floor_usage":[46,50,50,50,50],"damage_taken":[{"damage":4.0,"enemies":"Jaw Worm","floor":1.0,"turns":4.0},{"damage":0.0,"enemies":"Cultist","floor":2.0,"turns":3.0},{"damage":3.0,"enemies":"2 Louse","floor":3.0,"turns":3.0},{"damage":4.0,"enemies":"Red Slaver","floor":5.0,"turns":4.0},{"damage":21.0,"enemies":"Lagavulin","floor":6.0,"turns":9.0},{"damage":7.0,"enemies":"2 Fungi Beasts","floor":8.0,"turns":4.0},{"damage":23.0,"enemies":"Gremlin Nob","floor":12.0,"turns":5.0},{"damage":2.0,"enemies":"3 Louse","floor":13.0,"turns":5.0},{"damage":18.0,"enemies":"Lagavulin Event","floor":14.0,"turns":6.0},{"damage":12.0,"enemies":"Slime Boss","floor":16.0,"turns":14.0},{"damage":1.0,"enemies":"Shell Parasite","floor":18.0,"turns":4.0},{"damage":10.0,"enemies":"2 Thieves","floor":19.0,"turns":5.0},{"damage":15.0,"enemies":"Slavers","floor":25.0,"turns":5.0},{"damage":11.0,"enemies":"Chosen and Byrds","floor":27.0,"turns":6.0},{"damage":7.0,"enemies":"Champ","floor":33.0,"turns":9.0},{"damage":0.0,"enemies":"3 Shapes","floor":35.0,"turns":5.0},{"damage":39.0,"enemies":"3 Darklings","floor":39.0,"turns":6.0},{"damage":30.0,"enemies":"Reptomancer","floor":41.0,"turns":6.0},{"damage":18,"enemies":"4 Shapes","floor":46,"turns":5},{"damage":51,"enemies":"Time Eater","floor":50,"turns":15}],"seed_played":"3991911210471182165","potions_obtained":[{"floor":1.0,"key":"SkillPotion"},{"floor":2.0,"key":"CunningPotion"},{"floor":8.0,"key":"DuplicationPotion"},{"floor":13.0,"key":"Explosive Potion"},{"floor":16.0,"key":"GamblersBrew"},{"floor":19.0,"key":"LiquidBronze"},{"floor":41.0,"key":"AttackPotion"},{"floor":46,"key":"Swift Potion"}],"is_trial":false,"path_per_floor":["M","M","M","?","M","E","R","M","T","R","?","E","M","?","R","B",null,"M","M","?","$","?","R","$","E","T","M","R","?","T","$","R","B",null,"M","?","?","?","M","R","E","R","T","R","$","M","?","?","R","B",null],"character_chosen":"THE_SILENT","items_purchased":["Shuriken","Infinite Blades","Infinite Blades","Nunchaku","Footwork"],"campfire_rested":9,"item_purchase_floors":[21,21,31,45,45],"current_hp_per_floor":[59,59,56,56,52,31,52,45,45,66,66,43,41,23,44,32,61,60,50,50,50,50,70,70,55,55,44,65,65,65,65,70,63,74,74,74,74,74,35,72,42,76,76,76,76,58,58,72,72,21],"gold":130,"neow_bonus":"BOSS_RELIC","is_prod":false,"is_daily":false,"chose_seed":false,"campfire_upgraded":0,"win_rate":0,"timestamp":1576952891,"path_taken":["M","M","M","?","M","E","R","?","T","R","?","E","?","?","R","BOSS","M","M","?","$","?","R","?","E","T","?","R","?","?","$","R","BOSS","M","?","?","?","?","R","E","R","T","R","$","M","?","?","R","BOSS"],"build_version":"2019-10-30","purchased_purges":2,"victory":true,"max_hp_per_floor":[70,70,70,70,70,70,70,70,70,70,70,70,70,70,70,70,70,70,70,70,70,70,70,70,70,70,70,70,70,70,70,70,70,76,76,76,76,76,76,76,76,76,76,76,76,76,72,72,72,72],"card_choices":[{"not_picked":["Caltrops","Poisoned Stab"],"picked":"Deadly Poison","floor":1.0},{"not_picked":["Underhanded Strike","Slice","PiercingWail"],"picked":"SKIP","floor":2.0},{"not_picked":["Masterful Stab","Skewer"],"picked":"Caltrops","floor":3.0},{"not_picked":["Quick Slash","Setup","Night Terror"],"picked":"SKIP","floor":5.0},{"not_picked":["Expertise","Sucker Punch","Skewer"],"picked":"SKIP","floor":6.0},{"not_picked":["Quick Slash","Acrobatics"],"picked":"Backflip","floor":7.0},{"not_picked":["Acrobatics","Bouncing Flask"],"picked":"Footwork","floor":8.0},{"not_picked":["Dagger Throw","Escape Plan"],"picked":"Deadly Poison","floor":10.0},{"not_picked":["Cloak And Dagger","Accuracy"],"picked":"Leg Sweep","floor":12.0},{"not_picked":["Underhanded Strike","Dagger Spray"],"picked":"Calculated Gamble","floor":13.0},{"not_picked":["Wraith Form v2","Unload"],"picked":"Glass Knife","floor":16.0},{"not_picked":["Dagger Throw","Bouncing Flask"],"picked":"Noxious Fumes+1","floor":18.0},{"not_picked":["Poisoned Stab","Underhanded Strike"],"picked":"Deadly Poison+1","floor":19.0},{"not_picked":["Predator+1","Prepared+1"],"picked":"Dagger Spray+1","floor":23.0},{"not_picked":["Deflect","Masterful Stab","Noxious Fumes"],"picked":"SKIP","floor":25.0},{"not_picked":["Underhanded Strike","All Out Attack","PiercingWail"],"picked":"SKIP","floor":27.0},{"not_picked":["Slice","Bane"],"picked":"Footwork","floor":28.0},{"not_picked":["Crippling Poison","Underhanded Strike"],"picked":"Prepared+1","floor":32.0},{"not_picked":["Burst","Malaise"],"picked":"Adrenaline","floor":33.0},{"not_picked":["Bane","Escape Plan+1"],"picked":"Cloak And Dagger+1","floor":35.0},{"not_picked":["Finesse+1","Mind Blast"],"picked":"Apotheosis+1","floor":36.0},{"not_picked":["Deflect+1","Heel Hook"],"picked":"Cloak And Dagger+1","floor":39.0},{"not_picked":["Prepared+1","Dagger Throw+1"],"picked":"Cloak And Dagger+1","floor":40.0},{"not_picked":["Flying Knee","Dagger Throw"],"picked":"Footwork+1","floor":41.0},{"not_picked":["Poisoned Stab","All Out Attack+1","Concentrate+1"],"picked":"SKIP","floor":46},{"not_picked":["Bane+1","Predator+1"],"picked":"Cloak And Dagger+1","floor":49}],"player_experience":166148,"relics_obtained":[{"floor":6.0,"key":"Dream Catcher"},{"floor":9.0,"key":"Potion Belt"},{"floor":12.0,"key":"Akabeko"},{"floor":14.0,"key":"Whetstone"},{"floor":25.0,"key":"Ancient Tea Set"},{"floor":26.0,"key":"Darkstone Periapt"},{"floor":30.0,"key":"Orichalcum"},{"floor":34.0,"key":"MawBank"},{"floor":34.0,"key":"Toxic Egg 2"},{"floor":34.0,"key":"Pocketwatch"},{"floor":41.0,"key":"Ninja Scroll"},{"floor":43.0,"key":"Omamori"}],"event_choices":[{"cards_removed":["Strike_G"],"damage_healed":0.0,"max_hp_gain":0.0,"max_hp_loss":0.0,"gold_gain":0.0,"event_name":"Bonfire Elementals","player_choice":"Offered Basic","floor":4.0,"gold_loss":0.0,"damage_taken":0.0},{"damage_healed":0.0,"max_hp_gain":0.0,"max_hp_loss":0.0,"gold_gain":0.0,"event_name":"Accursed Blacksmith","player_choice":"Rummage","floor":11.0,"gold_loss":0.0,"damage_taken":0.0,"relics_obtained":["WarpedTongs"],"cards_obtained":["Pain"]},{"damage_healed":0.0,"max_hp_gain":0.0,"max_hp_loss":0.0,"gold_gain":0.0,"event_name":"Dead Adventurer","player_choice":"Searched \u00271\u0027 times","floor":14.0,"gold_loss":0.0,"damage_taken":0.0},{"damage_healed":0.0,"max_hp_gain":0.0,"max_hp_loss":0.0,"gold_gain":0.0,"event_name":"Back to Basics","player_choice":"Simplicity","floor":20.0,"gold_loss":0.0,"damage_taken":0.0,"cards_upgraded":["Defend_G","Defend_G","Defend_G","Defend_G","Defend_G"]},{"cards_removed":["Survivor"],"damage_healed":0.0,"max_hp_gain":0.0,"max_hp_loss":0.0,"gold_gain":0.0,"event_name":"Beggar","player_choice":"Gave Gold","floor":22.0,"gold_loss":75.0,"damage_taken":0.0},{"damage_healed":0.0,"max_hp_gain":0.0,"max_hp_loss":0.0,"gold_gain":0.0,"cards_transformed":["Calculated Gamble","Accuracy"],"event_name":"Drug Dealer","player_choice":"Became Test Subject","floor":29.0,"gold_loss":0.0,"damage_taken":0.0,"cards_obtained":["Night Terror","Infinite Blades"]},{"damage_healed":0.0,"max_hp_gain":0.0,"max_hp_loss":0.0,"gold_gain":0.0,"event_name":"SensoryStone","player_choice":"Memory 1","floor":36.0,"gold_loss":0.0,"damage_taken":0.0},{"cards_removed":["Noxious Fumes"],"damage_healed":0.0,"max_hp_gain":0.0,"max_hp_loss":0.0,"gold_gain":0.0,"event_name":"Falling","player_choice":"Removed Power","floor":37.0,"gold_loss":0.0,"damage_taken":0.0},{"damage_healed":0.0,"max_hp_gain":0.0,"max_hp_loss":0.0,"gold_gain":0.0,"event_name":"WeMeetAgain","player_choice":"Gave Potion","floor":38.0,"gold_loss":0.0,"damage_taken":0.0,"relics_obtained":["Eternal Feather"]},{"damage_healed":0,"gold_gain":0,"player_choice":"Max HP","damage_taken":0,"max_hp_gain":0,"max_hp_loss":4,"event_name":"Winding Halls","floor":47,"gold_loss":0},{"damage_healed":14,"gold_gain":0,"player_choice":"Heal","damage_taken":0,"max_hp_gain":0,"max_hp_loss":0,"event_name":"MindBloom","floor":48,"gold_loss":0,"cards_obtained":["Doubt"]}],"is_beta":true,"boss_relics":[{"not_picked":["Cursed Key","Runic Dome"],"picked":"Astrolabe"},{"not_picked":["Busted Crown","Coffee Dripper"],"picked":"Calling Bell"}],"items_purged_floors":[21,31],"is_endless":false,"potions_floor_spawned":[1,2,8,13,16,19,41,46],"ascension_level":6}