{"gold_per_floor":[110,60,72,72,88,118,138,138,138,154,154,154,171,191,191,191],"floor_reached":16,"playtime":704,"items_purged":[],"score":140,"play_id":"f983cce7-5c39-489f-991a-894f52a9f2b0","local_time":"20191227154329","is_ascension_mode":true,"campfire_choices":[{"floor":8,"key":"REST"},{"floor":12,"key":"REST"},{"floor":15,"key":"REST"}],"neow_cost":"CURSE","seed_source_timestamp":761518434302629,"circlet_count":0,"master_deck":["Strike_G","Strike_G","Strike_G","Strike_G","Strike_G","Defend_G","Defend_G","Defend_G","Defend_G","Survivor","Neutralize","A Thousand Cuts","Cloak And Dagger","Backflip","Crippling Poison","Escape Plan","Accuracy","Accuracy","Distraction"],"relics":["Ring of the Snake","Nunchaku","Letter Opener"],"potions_floor_usage":[6,10,16],"damage_taken":[{"damage":0,"enemies":"2 Louse","floor":1,"turns":3},{"damage":12,"enemies":"Jaw Worm","floor":3,"turns":7},{"damage":2,"enemies":"Cultist","floor":5,"turns":4},{"damage":19,"enemies":"3 Sentries","floor":6,"turns":9},{"damage":7,"enemies":"Large Slime","floor":7,"turns":8},{"damage":11,"enemies":"Looter","floor":10,"turns":4},{"damage":12,"enemies":"Lots of Slimes","floor":13,"turns":3},{"damage":14,"enemies":"Gremlin Gang","floor":14,"turns":4},{"damage":52,"enemies":"Slime Boss","floor":16,"turns":10}],"seed_played":"2602622273630229748","potions_obtained":[{"floor":1,"key":"Energy Potion"},{"floor":7,"key":"SkillPotion"},{"floor":10,"key":"Block Potion"}],"is_trial":false,"path_per_floor":["M","?","M","?","M","E","M","R","T","M","?","R","M","M","R","B"],"character_chosen":"THE_SILENT","items_purchased":[],"campfire_rested":3,"item_purchase_floors":[],"current_hp_per_floor":[63,63,51,51,49,30,23,44,44,33,33,54,42,28,49,0],"gold":191,"neow_bonus":"THREE_RARE_CARDS","is_prod":false,"is_daily":false,"chose_seed":false,"campfire_upgraded":0,"win_rate":0,"timestamp":1577443409,"path_taken":["M","?","M","?","M","E","?","R","T","M","?","R","M","M","R","BOSS"],"build_version":"2019-10-30","purchased_purges":0,"victory":false,"max_hp_per_floor":[70,70,70,70,70,70,70,70,70,70,70,70,70,70,70,70],"card_choices":[{"not_picked":["Tools of the Trade","Die Die Die"],"picked":"A Thousand Cuts","floor":0},{"not_picked":["Dagger Spray","Poisoned Stab"],"picked":"Cloak And Dagger","floor":1},{"not_picked":["Dash","Expertise"],"picked":"Backflip","floor":3},{"not_picked":["Choke","Riddle With Holes"],"picked":"Escape Plan","floor":5},{"not_picked":["Underhanded Strike","Outmaneuver"],"picked":"Accuracy","floor":6},{"not_picked":["Dagger Spray","Tactician","Concentrate"],"picked":"SKIP","floor":7},{"not_picked":["Outmaneuver","PiercingWail"],"picked":"Accuracy","floor":10},{"not_picked":["Dagger Spray","Night Terror","Deadly Poison"],"picked":"SKIP","floor":13},{"not_picked":["Caltrops","Footwork"],"picked":"Distraction","floor":14}],"player_experience":184660,"relics_obtained":[{"floor":6,"key":"Nunchaku"},{"floor":9,"key":"Letter Opener"}],"event_choices":[{"cards_removed":["Writhe"],"damage_healed":0,"gold_gain":0,"player_choice":"Card Removal","damage_taken":0,"max_hp_gain":0,"max_hp_loss":0,"event_name":"The Cleric","floor":2,"gold_loss":50},{"damage_healed":0,"gold_gain":0,"cards_transformed":["Defend_G"],"player_choice":"Transformed","damage_taken":0,"max_hp_gain":0,"max_hp_loss":0,"event_name":"Transmorgrifier","floor":4,"gold_loss":0,"cards_obtained":["Crippling Poison"]},{"damage_healed":0,"gold_gain":0,"player_choice":"Ignored","damage_taken":0,"max_hp_gain":0,"max_hp_loss":0,"event_name":"Shining Light","floor":11,"gold_loss":0}],"is_beta":true,"boss_relics":[],"items_purged_floors":[],"is_endless":false,"potions_floor_spawned":[1,7,10],"killed_by":"Slime Boss","ascension_level":7}