{"gold_per_floor":[113,63,63,63,63,63,63,84,129,152,172,347,347,365,365,365],"floor_reached":16,"playtime":380,"items_purged":[],"score":144,"play_id":"b5933773-477f-42b8-bdca-0006f9431b71","local_time":"20200217233831","is_ascension_mode":true,"campfire_choices":[{"data":"Envenom","floor":6.0,"key":"SMITH"},{"data":"Neutralize","floor":13.0,"key":"SMITH"},{"data":"Backflip","floor":15,"key":"SMITH"}],"neow_cost":"TEN_PERCENT_HP_LOSS","seed_source_timestamp":29894575851800,"circlet_count":0,"master_deck":["AscendersBane","Strike_G","Strike_G","Strike_G","Strike_G","Defend_G","Defend_G","Defend_G","Defend_G","Survivor","Neutralize+1","Envenom+1","Backflip+1","All Out Attack","All Out Attack","Doubt","Deflect"],"special_seed":0,"relics":["Ring of the Snake","Golden Idol","Tingsha","Happy Flower"],"potions_floor_usage":[16],"damage_taken":[{"damage":10.0,"enemies":"Jaw Worm","floor":1.0,"turns":8.0},{"damage":8.0,"enemies":"Small Slimes","floor":8.0,"turns":6.0},{"damage":7.0,"enemies":"2 Louse","floor":10.0,"turns":2.0},{"damage":1.0,"enemies":"Gremlin Gang","floor":11.0,"turns":3.0},{"damage":0.0,"enemies":"Blue Slaver","floor":14.0,"turns":4.0},{"damage":30,"enemies":"Hexaghost","floor":16,"turns":9}],"seed_played":"-1711776276775374352","potions_obtained":[{"floor":11.0,"key":"Explosive Potion"}],"is_trial":false,"path_per_floor":["M","?","?","T","$","R","?","M","T","M","M","?","R","M","R","B"],"character_chosen":"THE_SILENT","items_purchased":[],"campfire_rested":0,"item_purchase_floors":[],"current_hp_per_floor":[53,53,53,53,53,53,46,38,38,31,30,30,30,30,30,0],"gold":365,"neow_bonus":"THREE_RARE_CARDS","is_prod":false,"is_daily":false,"chose_seed":false,"campfire_upgraded":3,"win_rate":0,"timestamp":1581964711,"path_taken":["M","?","?","?","?","R","?","M","T","?","?","?","R","M","R","BOSS"],"build_version":"2020-01-14","purchased_purges":0,"victory":false,"max_hp_per_floor":[63,63,58,58,58,58,58,58,58,58,58,58,58,58,58,58],"card_choices":[{"not_picked":["Doppelganger","Tools of the Trade"],"picked":"Envenom","floor":0.0},{"not_picked":["Poisoned Stab","Dodge and Roll"],"picked":"Backflip","floor":1.0},{"not_picked":["Dagger Throw","Backstab"],"picked":"All Out Attack","floor":8.0},{"not_picked":["Dagger Spray","Slice","Skewer"],"picked":"SKIP","floor":10.0},{"not_picked":["Noxious Fumes","Poisoned Stab"],"picked":"All Out Attack","floor":11.0},{"not_picked":["Accuracy","Masterful Stab"],"picked":"Deflect","floor":14}],"player_experience":294887,"relics_obtained":[{"floor":4.0,"key":"Tingsha"},{"floor":9.0,"key":"Happy Flower"}],"event_choices":[{"cards_removed":["Defend_G"],"damage_healed":0.0,"max_hp_gain":0.0,"max_hp_loss":0.0,"gold_gain":0.0,"event_name":"The Cleric","player_choice":"Card Removal","floor":2.0,"gold_loss":50.0,"damage_taken":0.0},{"damage_healed":0.0,"max_hp_gain":0.0,"max_hp_loss":5.0,"gold_gain":0.0,"event_name":"Golden Idol","player_choice":"Lose Max HP","floor":3.0,"gold_loss":0.0,"damage_taken":0.0,"relics_obtained":["Golden Idol"]},{"cards_removed":["Strike_G"],"damage_healed":0.0,"max_hp_gain":0.0,"max_hp_loss":0.0,"gold_gain":0.0,"event_name":"Golden Wing","player_choice":"Card Removal","floor":7.0,"gold_loss":0.0,"damage_taken":7.0},{"damage_healed":0.0,"max_hp_gain":0.0,"max_hp_loss":0.0,"gold_gain":175.0,"event_name":"Liars Game","player_choice":"AGREE","floor":12.0,"gold_loss":0.0,"damage_taken":0.0,"cards_obtained":["Doubt"]}],"is_beta":false,"boss_relics":[],"items_purged_floors":[],"is_endless":false,"potions_floor_spawned":[11],"killed_by":"Hexaghost","ascension_level":12}