{"gold_per_floor":[111,120,120,144,328,366,32,32,55,94,94,13,13,32,32,138,138,161,151,51,63,91,91,113,143,168,180,201,252,37,55,55,159,159,174,174,199,218,277,277,311,311,311,320,0,14,40,40,40,40],"floor_reached":50,"playtime":1832,"items_purged":["Decay"],"score":891,"play_id":"7405b4bc-aa0f-48be-b9f8-8e7b27043430","local_time":"20200217201818","is_ascension_mode":true,"campfire_choices":[{"data":"Neutralize","floor":8.0,"key":"SMITH"},{"data":"Cloak And Dagger","floor":11.0,"key":"SMITH"},{"data":"Finisher","floor":15.0,"key":"SMITH"},{"data":"Envenom","floor":23.0,"key":"SMITH"},{"data":"Deflect","floor":27.0,"key":"SMITH"},{"data":"Catalyst","floor":32.0,"key":"SMITH"},{"data":"After Image","floor":40.0,"key":"SMITH"},{"data":"Blade Dance","floor":42.0,"key":"SMITH"},{"data":"Backflip","floor":49.0,"key":"SMITH"}],"neow_cost":"NONE","seed_source_timestamp":16292804656500,"circlet_count":0,"master_deck":["AscendersBane","Strike_G","Strike_G","Strike_G","Strike_G","Strike_G","Defend_G","Defend_G","Defend_G","Defend_G","Survivor","Neutralize+1","Finisher+1","Catalyst+1","Adrenaline","Slice","Deflect+1","Cloak And Dagger+1","Bandage Up","Backstab","Envenom+1","Backstab","Blade Dance+1","Infinite Blades","Escape Plan","Cloak And Dagger+1","Infinite Blades","Backstab","After Image+1","Cloak And Dagger+1","Backflip+1","Good Instincts"],"special_seed":0,"relics":["Ring of the Snake","NeowsBlessing","CeramicFish","Lizard Tail","Shuriken","PreservedInsect","Meat on the Bone","Eternal Feather","Empty Cage","Singing Bowl","MawBank","White Beast Statue","Snake Skull","Sozu","Thread and Needle","Potion Belt","Kunai","Red Mask","Bag of Marbles"],"potions_floor_usage":[],"damage_taken":[{"damage":0.0,"enemies":"2 Louse","floor":1.0,"turns":1.0},{"damage":0.0,"enemies":"Small Slimes","floor":4.0,"turns":1.0},{"damage":0.0,"enemies":"3 Sentries","floor":6.0,"turns":1.0},{"damage":20.0,"enemies":"Lagavulin","floor":10.0,"turns":6.0},{"damage":2.0,"enemies":"Jaw Worm","floor":14.0,"turns":3.0},{"damage":30.0,"enemies":"The Guardian","floor":16.0,"turns":14.0},{"damage":17.0,"enemies":"Chosen","floor":18.0,"turns":5.0},{"damage":14.0,"enemies":"2 Thieves","floor":19.0,"turns":4.0},{"damage":14.0,"enemies":"3 Cultists","floor":21.0,"turns":5.0},{"damage":33.0,"enemies":"Snake Plant","floor":22.0,"turns":5.0},{"damage":19.0,"enemies":"Shelled Parasite and Fungi","floor":24.0,"turns":3.0},{"damage":18.0,"enemies":"Slavers","floor":25.0,"turns":4.0},{"damage":24.0,"enemies":"Book of Stabbing","floor":29.0,"turns":4.0},{"damage":17.0,"enemies":"Centurion and Healer","floor":31.0,"turns":5.0},{"damage":66.0,"enemies":"Champ","floor":33.0,"turns":7.0},{"damage":24.0,"enemies":"3 Darklings","floor":35.0,"turns":4.0},{"damage":16.0,"enemies":"Orb Walker","floor":37.0,"turns":4.0},{"damage":45.0,"enemies":"Spire Growth","floor":38.0,"turns":6.0},{"damage":1.0,"enemies":"Mind Bloom Boss Battle","floor":39.0,"turns":6.0},{"damage":34.0,"enemies":"Reptomancer","floor":41.0,"turns":6.0},{"damage":0.0,"enemies":"Maw","floor":46.0,"turns":6.0},{"damage":90,"enemies":"Time Eater","floor":50,"turns":8}],"seed_played":"-5308891674488689501","potions_obtained":[{"floor":14.0,"key":"Swift Potion"},{"floor":19.0,"key":"SpeedPotion"},{"floor":24.0,"key":"Fruit Juice"},{"floor":25.0,"key":"Block Potion"},{"floor":29.0,"key":"EssenceOfSteel"},{"floor":31.0,"key":"PowerPotion"},{"floor":33.0,"key":"FearPotion"}],"is_trial":false,"path_per_floor":["M","?","?","M","?","E","$","R","T","E","R","$","T","M","R","B",null,"M","M","$","M","M","R","M","E","T","R","?","E","$","M","R","B",null,"M","?","M","M","?","R","E","R","T","?","?","M","T","$","R","B"],"character_chosen":"THE_SILENT","items_purchased":["Shuriken","Slice","Deflect","Bandage Up","Infinite Blades","Escape Plan","Snake Skull"],"campfire_rested":0,"item_purchase_floors":[7,7,7,12,20,20,30],"current_hp_per_floor":[63,63,63,63,63,63,63,63,63,43,43,43,43,45,57,43,63,50,40,40,42,25,40,42,38,38,53,53,45,45,46,61,51,72,50,50,50,23,38,56,40,58,58,58,58,64,64,64,82,0],"gold":40,"neow_bonus":"THREE_ENEMY_KILL","is_prod":false,"is_daily":false,"chose_seed":false,"campfire_upgraded":9,"win_rate":0,"timestamp":1581952698,"path_taken":["M","?","?","M","?","E","$","R","T","E","R","?","?","M","R","BOSS","M","M","?","M","M","R","M","E","T","R","?","E","$","M","R","BOSS","M","?","M","M","?","R","E","R","T","?","?","M","?","?","R","BOSS"],"build_version":"2020-01-14","purchased_purges":1,"victory":false,"max_hp_per_floor":[70,70,70,70,70,70,70,70,70,70,70,70,70,70,70,70,70,70,70,70,70,70,70,75,77,77,77,77,77,77,79,79,79,79,81,77,77,79,79,79,81,81,81,81,81,83,83,83,83,83],"card_choices":[{"not_picked":["Quick Slash","Underhanded Strike"],"picked":"Finisher","floor":1.0},{"not_picked":["Dodge and Roll","Tactician"],"picked":"Catalyst","floor":4.0},{"not_picked":["Terror","All Out Attack"],"picked":"Adrenaline","floor":6.0},{"not_picked":["Backflip","Reflex"],"picked":"Cloak And Dagger","floor":10.0},{"not_picked":["Leg Sweep","Dagger Spray"],"picked":"Backstab","floor":14.0},{"not_picked":["Grand Finale","Glass Knife"],"picked":"Envenom","floor":16.0},{"not_picked":["Deadly Poison","Poisoned Stab"],"picked":"Backstab","floor":18.0},{"not_picked":["Bane","Flying Knee"],"picked":"Blade Dance","floor":19.0},{"not_picked":["Blade Dance","Dodge and Roll","Escape Plan"],"picked":"SKIP","floor":21.0},{"not_picked":["Flying Knee","Sucker Punch"],"picked":"Cloak And Dagger+1","floor":22.0},{"not_picked":["Dagger Spray","Noxious Fumes"],"picked":"Infinite Blades","floor":24.0},{"not_picked":["Dagger Throw","Crippling Poison","Dodge and Roll"],"picked":"Singing Bowl","floor":25.0},{"not_picked":["PiercingWail","Bouncing Flask+1"],"picked":"Backstab","floor":29.0},{"not_picked":["Bouncing Flask","Concentrate+1","Prepared"],"picked":"Singing Bowl","floor":31.0},{"not_picked":["Die Die Die","Grand Finale"],"picked":"After Image","floor":33.0},{"not_picked":["Poisoned Stab","Eviscerate","Concentrate"],"picked":"Singing Bowl","floor":35.0},{"not_picked":["Escape Plan+1","Dagger Spray"],"picked":"Cloak And Dagger+1","floor":37.0},{"not_picked":["Dagger Spray","Blade Dance","Unload"],"picked":"Singing Bowl","floor":38.0},{"not_picked":["Dagger Throw","Deadly Poison+1"],"picked":"Backflip","floor":39.0},{"not_picked":["Dash","Cloak And Dagger","Outmaneuver"],"picked":"Singing Bowl","floor":41.0},{"not_picked":["Secret Weapon","Dark Shackles"],"picked":"Good Instincts","floor":44.0},{"not_picked":["Acrobatics","Deadly Poison","Predator+1"],"picked":"Singing Bowl","floor":46.0}],"player_experience":293055,"relics_obtained":[{"floor":6.0,"key":"Lizard Tail"},{"floor":9.0,"key":"PreservedInsect"},{"floor":10.0,"key":"Meat on the Bone"},{"floor":13.0,"key":"Eternal Feather"},{"floor":25.0,"key":"Singing Bowl"},{"floor":26.0,"key":"MawBank"},{"floor":29.0,"key":"White Beast Statue"},{"floor":39.0,"key":"Thread and Needle"},{"floor":41.0,"key":"Potion Belt"},{"floor":43.0,"key":"Kunai"},{"floor":47.0,"key":"Bag of Marbles"}],"event_choices":[{"damage_healed":0.0,"max_hp_gain":0.0,"max_hp_loss":0.0,"gold_gain":0.0,"event_name":"Big Fish","player_choice":"Box","floor":2.0,"gold_loss":0.0,"damage_taken":0.0,"relics_obtained":["CeramicFish"],"cards_obtained":["Regret"]},{"cards_removed":["Regret"],"damage_healed":0.0,"max_hp_gain":0.0,"max_hp_loss":0.0,"gold_gain":0.0,"event_name":"Living Wall","player_choice":"Forget","floor":3.0,"gold_loss":0.0,"damage_taken":0.0},{"damage_healed":0.0,"max_hp_gain":0.0,"max_hp_loss":0.0,"gold_gain":175.0,"event_name":"Liars Game","player_choice":"AGREE","floor":5.0,"gold_loss":0.0,"damage_taken":0.0,"cards_obtained":["Doubt"]},{"damage_healed":0.0,"max_hp_gain":0.0,"max_hp_loss":0.0,"gold_gain":0.0,"event_name":"Forgotten Altar","player_choice":"Smashed Altar","floor":28.0,"gold_loss":0.0,"damage_taken":0.0,"cards_obtained":["Decay"]},{"damage_healed":0.0,"max_hp_gain":0.0,"max_hp_loss":4.0,"gold_gain":0.0,"event_name":"Winding Halls","player_choice":"Max HP","floor":36.0,"gold_loss":0.0,"damage_taken":0.0},{"damage_healed":0.0,"max_hp_gain":0.0,"max_hp_loss":0.0,"gold_gain":0.0,"event_name":"MindBloom","player_choice":"Fight","floor":39.0,"gold_loss":0.0,"damage_taken":0.0},{"damage_healed":0.0,"max_hp_gain":0.0,"max_hp_loss":0.0,"gold_gain":0.0,"event_name":"SensoryStone","player_choice":"Memory 1","floor":44.0,"gold_loss":0.0,"damage_taken":0.0},{"damage_healed":0.0,"max_hp_gain":0.0,"max_hp_loss":0.0,"gold_gain":0.0,"event_name":"Tomb of Lord Red Mask","player_choice":"Paid","floor":45.0,"gold_loss":320.0,"damage_taken":0.0,"relics_obtained":["Red Mask"]}],"is_beta":false,"boss_relics":[{"not_picked":["Philosopher\u0027s Stone","Coffee Dripper"],"picked":"Empty Cage"},{"not_picked":["Fusion Hammer","SacredBark"],"picked":"Sozu"}],"items_purged_floors":[30],"is_endless":false,"potions_floor_spawned":[14,19,24,25,29,31,33,35,37,38,39,41,46],"killed_by":"Time Eater","ascension_level":12}