{"gold_per_floor":[111,111,130,51,67,67,83,109,109,109,109,109,119,38,38,140,140,154,154,172,172,172,172,197,209,260,260,333,348,368,380,380,475,475,494,563,616,616,632,665,665,699,699,709,724,743,743,174,174,174],"floor_reached":51,"playtime":1705,"items_purged":["Writhe"],"score":802,"play_id":"ca36613f-2cd7-4984-b757-323831755cf4","local_time":"20191114181617","is_ascension_mode":false,"campfire_choices":[{"data":"Flex","floor":6.0,"key":"SMITH"},{"data":"Whirlwind","floor":10.0,"key":"SMITH"},{"data":"Shrug It Off","floor":12.0,"key":"SMITH"},{"data":"Panacea","floor":15.0,"key":"SMITH"},{"data":"Shockwave","floor":23.0,"key":"SMITH"},{"data":"Berserk","floor":32.0,"key":"SMITH"},{"data":"Warcry","floor":41.0,"key":"SMITH"},{"data":"Double Tap","floor":47,"key":"SMITH"},{"data":"Shrug It Off","floor":49,"key":"SMITH"}],"neow_cost":"NONE","seed_source_timestamp":99665788005355,"circlet_count":0,"master_deck":["Strike_R","Defend_R","Defend_R","Bash","Reaper","Flex+1","Whirlwind+1","Warcry+1","Shrug It Off+1","Panacea+1","Berserk+1","Heavy Blade+1","Limit Break+1","Carnage+1","Shockwave+1","Entrench","Wild Strike","Double Tap+1","Shrug It Off+1"],"special_seed":0,"relics":["Burning Blood","Art of War","Gremlin Horn","Question Card","GremlinMask","Astrolabe","Happy Flower","Red Skull","Akabeko","Singing Bowl","Black Star","Eternal Feather","MealTicket","Lizard Tail","Bottled Lightning","Shuriken","Frozen Egg 2","Oddly Smooth Stone","Pen Nib","Lee\u0027s Waffle"],"potions_floor_usage":[50],"damage_taken":[{"damage":5.0,"enemies":"Small Slimes","floor":1.0,"turns":4.0},{"damage":3.0,"enemies":"Cultist","floor":3.0,"turns":5.0},{"damage":0.0,"enemies":"2 Louse","floor":5.0,"turns":1.0},{"damage":8.0,"enemies":"Red Slaver","floor":7.0,"turns":3.0},{"damage":28.0,"enemies":"Lagavulin","floor":8.0,"turns":6.0},{"damage":7.0,"enemies":"Blue Slaver","floor":13.0,"turns":4.0},{"damage":29.0,"enemies":"The Guardian","floor":16.0,"turns":7.0},{"damage":5.0,"enemies":"Chosen","floor":18.0,"turns":3.0},{"damage":30.0,"enemies":"3 Byrds","floor":20.0,"turns":4.0},{"damage":30.0,"enemies":"Book of Stabbing","floor":24.0,"turns":4.0},{"damage":21.0,"enemies":"3 Cultists","floor":25.0,"turns":5.0},{"damage":37.0,"enemies":"Centurion and Healer","floor":29.0,"turns":6.0},{"damage":0.0,"enemies":"Cultist and Chosen","floor":30.0,"turns":4.0},{"damage":0.0,"enemies":"3 Cultists","floor":31.0,"turns":2.0},{"damage":23.0,"enemies":"Automaton","floor":33.0,"turns":6.0},{"damage":13.0,"enemies":"3 Shapes","floor":35.0,"turns":5.0},{"damage":0.0,"enemies":"Orb Walker","floor":39.0,"turns":2.0},{"damage":40.0,"enemies":"Nemesis","floor":40.0,"turns":5.0},{"damage":16,"enemies":"Reptomancer","floor":42,"turns":5},{"damage":0,"enemies":"4 Shapes","floor":44,"turns":1},{"damage":26,"enemies":"3 Darklings","floor":45,"turns":4},{"damage":15,"enemies":"Spire Growth","floor":46,"turns":5},{"damage":124,"enemies":"Donu and Deca","floor":50,"turns":7}],"seed_played":"-218749454890270480","potions_obtained":[{"floor":1.0,"key":"EssenceOfSteel"},{"floor":3.0,"key":"Ancient Potion"},{"floor":13.0,"key":"ColorlessPotion"},{"floor":18.0,"key":"Ancient Potion"},{"floor":20.0,"key":"SteroidPotion"},{"floor":25.0,"key":"Fire Potion"},{"floor":33.0,"key":"Regen Potion"},{"floor":44,"key":"AttackPotion"},{"floor":45,"key":"BlessingOfTheForge"}],"is_trial":false,"path_per_floor":["M","?","M","$","M","R","M","E","T","R","?","R","M","$","R","B",null,"M","?","M","?","?","R","E","M","T","?","T","M","M","M","R","B",null,"M","T","T","?","M","E","R","E","T","M","M","M","R","$","R","B",null],"character_chosen":"IRONCLAD","items_purchased":["Whirlwind","Panacea","Oddly Smooth Stone","Pen Nib","Lee\u0027s Waffle","SteroidPotion"],"campfire_rested":0,"item_purchase_floors":[4,14,48,48,48,48],"current_hp_per_floor":[80,80,80,80,80,80,78,56,56,56,56,56,55,55,55,44,80,80,65,45,45,45,45,35,56,56,56,56,51,77,85,85,70,93,95,95,95,95,97,83,92,99,99,101,95,103,103,110,110,15],"gold":174,"neow_bonus":"ONE_RANDOM_RARE_CARD","is_prod":false,"is_daily":false,"chose_seed":false,"campfire_upgraded":9,"win_rate":0,"timestamp":1573737377,"path_taken":["M","?","?","$","M","R","M","E","T","R","?","R","?","$","R","BOSS","M","?","M","?","?","R","E","M","T","?","?","?","M","M","R","BOSS","M","?","?","?","M","E","R","E","T","M","M","M","R","$","R","BOSS"],"build_version":"2019-10-30","purchased_purges":1,"victory":true,"max_hp_per_floor":[80,80,80,80,80,80,80,80,80,80,80,80,80,80,80,80,80,80,85,85,85,85,85,85,85,85,85,85,87,89,91,91,93,93,95,95,95,95,97,99,99,99,99,101,101,103,103,110,110,110],"card_choices":[{"not_picked":["Power Through","Sentinel","Twin Strike"],"picked":"SKIP","floor":1.0},{"not_picked":["Clothesline","Dark Embrace"],"picked":"Flex","floor":3.0},{"not_picked":["Twin Strike","Anger"],"picked":"Warcry","floor":5.0},{"not_picked":["Twin Strike","Searing Blow"],"picked":"Shrug It Off","floor":7.0},{"not_picked":["Cleave","Immolate","Armaments"],"picked":"SKIP","floor":8.0},{"not_picked":["Armaments","Perfected Strike","Feel No Pain","Twin Strike"],"picked":"SKIP","floor":13.0},{"not_picked":["Demon Form","Bludgeon","Brutality"],"picked":"Berserk","floor":16.0},{"not_picked":["Flex","True Grit","Body Slam","Havoc"],"picked":"SKIP","floor":18.0},{"not_picked":["Rampage","Pommel Strike","Flex"],"picked":"Shockwave","floor":20.0},{"not_picked":["Carnage","Combust","Anger","Fiend Fire"],"picked":"SKIP","floor":24.0},{"not_picked":["True Grit","Anger","Flex","Whirlwind"],"picked":"SKIP","floor":25.0},{"not_picked":["Armaments+1","Sword Boomerang","Pommel Strike","True Grit"],"picked":"Singing Bowl","floor":29.0},{"not_picked":["Body Slam+1","Power Through","Fiend Fire","Clothesline+1"],"picked":"Singing Bowl","floor":30.0},{"not_picked":["True Grit","Sword Boomerang","Twin Strike+1","Thunderclap"],"picked":"Singing Bowl","floor":31.0},{"not_picked":["Immolate","Feed","Brutality","Bludgeon"],"picked":"Singing Bowl","floor":33.0},{"not_picked":["Cleave","Combust","Armaments","Thunderclap+1"],"picked":"Singing Bowl","floor":35.0},{"not_picked":["Sword Boomerang","Fiend Fire","Reckless Charge","Heavy Blade"],"picked":"Singing Bowl","floor":39.0},{"not_picked":["Iron Wave+1","Cleave","Havoc+1","Twin Strike"],"picked":"Singing Bowl","floor":40.0},{"not_picked":["Havoc","Combust+1","True Grit+1"],"picked":"Double Tap","floor":42},{"not_picked":["Heavy Blade","Clash+1","Flex+1","Infernal Blade+1"],"picked":"Singing Bowl","floor":44},{"not_picked":["Disarm","Headbutt","Perfected Strike"],"picked":"Shrug It Off","floor":45},{"not_picked":["Sword Boomerang","Headbutt+1","Cleave","Clothesline"],"picked":"Singing Bowl","floor":46}],"player_experience":64371,"relics_obtained":[{"floor":8.0,"key":"Gremlin Horn"},{"floor":9.0,"key":"Question Card"},{"floor":24.0,"key":"Happy Flower"},{"floor":26.0,"key":"Red Skull"},{"floor":28.0,"key":"Singing Bowl"},{"floor":36.0,"key":"Eternal Feather"},{"floor":40.0,"key":"MealTicket"},{"floor":40.0,"key":"Lizard Tail"},{"floor":42,"key":"Bottled Lightning"},{"floor":42,"key":"Shuriken"},{"floor":43,"key":"Frozen Egg 2"}],"event_choices":[{"damage_healed":0.0,"max_hp_gain":0.0,"max_hp_loss":0.0,"gold_gain":0.0,"event_name":"WeMeetAgain","player_choice":"Gave Potion","floor":2.0,"gold_loss":0.0,"damage_taken":0.0,"relics_obtained":["Art of War"]},{"damage_healed":0.0,"max_hp_gain":0.0,"max_hp_loss":0.0,"gold_gain":0.0,"event_name":"FaceTrader","player_choice":"Trade","floor":11.0,"gold_loss":0.0,"damage_taken":0.0,"relics_obtained":["GremlinMask"]},{"damage_healed":0.0,"max_hp_gain":5.0,"max_hp_loss":0.0,"gold_gain":0.0,"event_name":"Forgotten Altar","player_choice":"Shed Blood","floor":19.0,"gold_loss":0.0,"damage_taken":20.0},{"damage_healed":0.0,"max_hp_gain":0.0,"max_hp_loss":0.0,"gold_gain":0.0,"cards_transformed":["Defend_R","Strike_R"],"event_name":"Drug Dealer","player_choice":"Became Test Subject","floor":22.0,"gold_loss":0.0,"damage_taken":0.0,"cards_obtained":["Entrench","Wild Strike"]},{"damage_healed":0.0,"max_hp_gain":0.0,"max_hp_loss":0.0,"gold_gain":0.0,"event_name":"The Mausoleum","player_choice":"Opened","floor":27.0,"gold_loss":0.0,"damage_taken":0.0,"relics_obtained":["Akabeko"],"cards_obtained":["Writhe"]},{"cards_removed":["Strike_R"],"damage_healed":0.0,"max_hp_gain":0.0,"max_hp_loss":0.0,"gold_gain":0.0,"event_name":"Falling","player_choice":"Removed Attack","floor":38.0,"gold_loss":0.0,"damage_taken":0.0}],"is_beta":true,"boss_relics":[{"not_picked":["Fusion Hammer","Runic Cube"],"picked":"Astrolabe"},{"not_picked":["Cursed Key","Mark of Pain"],"picked":"Black Star"}],"items_purged_floors":[48],"is_endless":false,"potions_floor_spawned":[1,3,13,18,20,25,33,44,45],"ascension_level":0}