{"gold_per_floor":[365,220,231,231,249,249,284,284,332,344,385,397,409,438,450,565,577,577,504,516,302,302,332,332,344,344,344,355,369,402,417,417,515,515,527,427,439,484,484,484,484,518,518,551,565,577,588,501,501,501],"floor_reached":51,"playtime":1914,"items_purged":["Bloodletting","Rage"],"score":813,"play_id":"6ac94c98-9de1-4ee8-aa56-f67970b60774","local_time":"20191118115019","is_ascension_mode":true,"campfire_choices":[{"data":"Twin Strike","floor":6,"key":"SMITH"},{"floor":15,"key":"REST"},{"data":"True Grit","floor":24,"key":"SMITH"},{"data":"Evolve","floor":27,"key":"SMITH"},{"data":"Fire Breathing","floor":32,"key":"SMITH"},{"data":"Fire Breathing","floor":40,"key":"SMITH"},{"floor":49,"key":"REST"}],"neow_cost":"TEN_PERCENT_HP_LOSS","seed_source_timestamp":422019385508311,"circlet_count":0,"master_deck":["Bash+1","Twin Strike+1","Fire Breathing+1","Reaper","Spot Weakness","Reaper","Evolve+1","Immolate","Clash","Dropkick","Immolate","Power Through","True Grit+1","Fire Breathing+1","True Grit+1","Sentinel+1","Fire Breathing+1","Wild Strike","Flame Barrier+1","Battle Trance+1","Parasite","Power Through+1"],"relics":["Burning Blood","Tiny Chest","Bag of Preparation","MawBank","Oddly Smooth Stone","Ornamental Fan","Orichalcum","Pandora\u0027s Box","Blood Vial","Ancient Tea Set","DollysMirror","Prayer Wheel","Incense Burner","TungstenRod","Pen Nib","Mark of Pain","Gambling Chip","Toxic Egg 2","Molten Egg 2","Happy Flower","Question Card"],"potions_floor_usage":[7,11,33,44,45,50],"damage_taken":[{"damage":1,"enemies":"Jaw Worm","floor":1,"turns":3},{"damage":0,"enemies":"2 Louse","floor":3,"turns":4},{"damage":0,"enemies":"Small Slimes","floor":5,"turns":3},{"damage":22,"enemies":"Lagavulin","floor":7,"turns":5},{"damage":8,"enemies":"Gremlin Nob","floor":11,"turns":4},{"damage":33,"enemies":"Gremlin Gang","floor":14,"turns":4},{"damage":16,"enemies":"Slime Boss","floor":16,"turns":8},{"damage":20,"enemies":"2 Thieves","floor":18,"turns":4},{"damage":39,"enemies":"Slavers","floor":23,"turns":4},{"damage":0,"enemies":"Chosen","floor":25,"turns":4},{"damage":21,"enemies":"Centurion and Healer","floor":28,"turns":6},{"damage":12,"enemies":"Snake Plant","floor":29,"turns":5},{"damage":31,"enemies":"Gremlin Leader","floor":30,"turns":7},{"damage":0,"enemies":"3 Cultists","floor":31,"turns":4},{"damage":44,"enemies":"Champ","floor":33,"turns":8},{"damage":0,"enemies":"3 Shapes","floor":35,"turns":3},{"damage":10,"enemies":"Orb Walker","floor":37,"turns":4},{"damage":18,"enemies":"2 Orb Walkers","floor":38,"turns":3},{"damage":21,"enemies":"Nemesis","floor":42,"turns":5},{"damage":12,"enemies":"Reptomancer","floor":44,"turns":5},{"damage":3,"enemies":"Writhing Mass","floor":45,"turns":5},{"damage":0,"enemies":"Jaw Worm Horde","floor":46,"turns":2},{"damage":38,"enemies":"Transient","floor":47,"turns":5},{"damage":53,"enemies":"Awakened One","floor":50,"turns":6}],"seed_played":"8621724050296122694","potions_obtained":[{"floor":1,"key":"Strength Potion"},{"floor":7,"key":"ColorlessPotion"},{"floor":28,"key":"DistilledChaos"},{"floor":29,"key":"CultistPotion"},{"floor":30,"key":"Explosive Potion"},{"floor":37,"key":"Block Potion"}],"is_trial":false,"path_per_floor":["M","$","M","?","M","R","E","?","T","?","E","T","?","M","R","B",null,"M","?","T","$","T","E","R","M","T","R","M","M","E","M","R","B",null,"M","$","M","?","?","R","T","E","T","E","M","M","M","?","R","B",null],"character_chosen":"IRONCLAD","items_purchased":["Tiny Chest","DollysMirror"],"campfire_rested":2,"item_purchase_floors":[2,21],"current_hp_per_floor":[72,72,72,58,64,64,48,41,41,41,39,39,32,26,47,51,72,65,65,65,65,65,34,34,56,56,56,60,60,50,58,58,37,72,72,72,72,60,60,60,60,51,51,53,58,66,36,36,57,24],"gold":501,"neow_bonus":"TWO_FIFTY_GOLD","is_prod":false,"is_daily":false,"chose_seed":false,"campfire_upgraded":5,"win_rate":0,"timestamp":1574059819,"path_taken":["M","$","M","?","M","R","E","?","T","?","E","?","?","M","R","BOSS","M","?","?","$","?","E","R","M","T","R","M","?","E","M","R","BOSS","M","$","M","?","?","R","?","E","T","E","?","M","M","?","R","BOSS"],"build_version":"2019-10-30","purchased_purges":2,"victory":true,"max_hp_per_floor":[72,72,72,72,72,72,72,72,72,72,72,72,72,72,72,72,72,72,72,72,72,72,72,72,72,72,72,72,72,72,72,72,72,72,72,72,72,72,72,72,72,72,72,72,72,72,72,72,72,72],"card_choices":[{"not_picked":["Hemokinesis","Cleave"],"picked":"Rage","floor":1},{"not_picked":["Sword Boomerang","Anger"],"picked":"Twin Strike","floor":3},{"not_picked":["True Grit","Sword Boomerang"],"picked":"Fire Breathing","floor":5},{"not_picked":["Carnage","Clash"],"picked":"Reaper","floor":7},{"not_picked":["Sword Boomerang","Warcry"],"picked":"Spot Weakness","floor":11},{"not_picked":["Disarm","Twin Strike","Hemokinesis"],"picked":"SKIP","floor":14},{"not_picked":["Juggernaut","Berserk"],"picked":"Reaper","floor":16},{"not_picked":["Armaments","Flex"],"picked":"True Grit","floor":18},{"not_picked":["Power Through","Twin Strike+1"],"picked":"True Grit+1","floor":23},{"not_picked":["True Grit+1","Thunderclap","Armaments"],"picked":"SKIP","floor":25},{"not_picked":["Feed","Clash","Blood for Blood"],"picked":"SKIP","floor":25},{"not_picked":["Havoc","Dropkick+1"],"picked":"Sentinel+1","floor":28},{"not_picked":["Infernal Blade","Perfected Strike","Inflame"],"picked":"SKIP","floor":28},{"not_picked":["Shrug It Off+1","Headbutt","Dropkick"],"picked":"SKIP","floor":29},{"not_picked":["Clothesline","Perfected Strike","Brutality"],"picked":"SKIP","floor":29},{"not_picked":["Headbutt+1","Clothesline"],"picked":"Fire Breathing","floor":30},{"not_picked":["Havoc","Inflame+1","Searing Blow"],"picked":"SKIP","floor":31},{"not_picked":["Body Slam","Clothesline+1","Ghostly Armor+1"],"picked":"SKIP","floor":31},{"not_picked":["Pummel","Thunderclap+1"],"picked":"Wild Strike","floor":35},{"not_picked":["Clash","Anger","True Grit+1"],"picked":"SKIP","floor":35},{"not_picked":["Metallicize+1","Armaments"],"picked":"Flame Barrier+1","floor":37},{"not_picked":["Flex","Sword Boomerang+1","Shrug It Off"],"picked":"SKIP","floor":37},{"not_picked":["Headbutt","Clash"],"picked":"Battle Trance+1","floor":42},{"not_picked":["Pummel+1","Combust+1","Shrug It Off+1"],"picked":"SKIP","floor":44},{"not_picked":["Reckless Charge+1","Fire Breathing+1"],"picked":"Power Through+1","floor":45},{"not_picked":["Whirlwind+1","Feel No Pain","True Grit+1"],"picked":"SKIP","floor":45},{"not_picked":["Headbutt+1","Juggernaut","Clash+1"],"picked":"SKIP","floor":46},{"not_picked":["Ghostly Armor+1","True Grit+1","Clash+1"],"picked":"SKIP","floor":46},{"not_picked":["Perfected Strike+1","Twin Strike+1","Sword Boomerang+1"],"picked":"SKIP","floor":47},{"not_picked":["True Grit+1","Ghostly Armor+1","Combust+1"],"picked":"SKIP","floor":47}],"player_experience":73687,"relics_obtained":[{"floor":7,"key":"Bag of Preparation"},{"floor":9,"key":"MawBank"},{"floor":11,"key":"Oddly Smooth Stone"},{"floor":12,"key":"Ornamental Fan"},{"floor":20,"key":"Ancient Tea Set"},{"floor":22,"key":"Prayer Wheel"},{"floor":23,"key":"Incense Burner"},{"floor":26,"key":"TungstenRod"},{"floor":30,"key":"Pen Nib"},{"floor":38,"key":"Gambling Chip"},{"floor":42,"key":"Toxic Egg 2"},{"floor":43,"key":"Molten Egg 2"},{"floor":44,"key":"Happy Flower"}],"event_choices":[{"damage_healed":0,"gold_gain":0,"player_choice":"Entered Light","damage_taken":14,"max_hp_gain":0,"max_hp_loss":0,"event_name":"Shining Light","floor":4,"gold_loss":0,"cards_upgraded":["Bash","Strike_R"]},{"cards_removed":["Strike_R"],"damage_healed":0,"gold_gain":0,"player_choice":"Card Removal","damage_taken":7,"max_hp_gain":0,"max_hp_loss":0,"event_name":"Golden Wing","floor":8,"gold_loss":0},{"cards_removed":["Strike_R"],"damage_healed":0,"gold_gain":0,"player_choice":"Purged","damage_taken":0,"max_hp_gain":0,"max_hp_loss":0,"event_name":"Purifier","floor":10,"gold_loss":0},{"damage_healed":0,"gold_gain":0,"player_choice":"Success","damage_taken":7,"relics_obtained":["Orichalcum"],"max_hp_gain":0,"max_hp_loss":0,"event_name":"Scrap Ooze","floor":13,"gold_loss":0},{"damage_healed":0,"gold_gain":0,"player_choice":"Obtained Relic","damage_taken":0,"relics_obtained":["Blood Vial"],"max_hp_gain":0,"max_hp_loss":0,"event_name":"Addict","floor":19,"gold_loss":85},{"damage_healed":0,"gold_gain":0,"player_choice":"Fight","damage_taken":0,"max_hp_gain":0,"max_hp_loss":0,"event_name":"Mysterious Sphere","floor":38,"gold_loss":0},{"damage_healed":0,"gold_gain":0,"player_choice":"Forge","damage_taken":0,"max_hp_gain":0,"max_hp_loss":0,"event_name":"Accursed Blacksmith","floor":39,"gold_loss":0,"cards_upgraded":["Fire Breathing"]},{"damage_healed":0,"gold_gain":0,"player_choice":"Paid Gold","damage_taken":0,"relics_obtained":["Question Card"],"max_hp_gain":0,"max_hp_loss":0,"event_name":"WeMeetAgain","floor":48,"gold_loss":87}],"is_beta":true,"boss_relics":[{"not_picked":["SacredBark","Fusion Hammer"],"picked":"Pandora\u0027s Box"},{"not_picked":["Empty Cage","Snecko Eye"],"picked":"Mark of Pain"}],"items_purged_floors":[21,36],"is_endless":false,"potions_floor_spawned":[1,7,28,29,30,31,37,38,42],"ascension_level":1}