{"gold_per_floor":[15,32,44,44,62,62,79,110,110,110,123,123,123,134,134,234,534,554,554,536,536,552,552],"floor_reached":23,"playtime":947,"items_purged":[],"score":264,"play_id":"c06668f9-3b44-468b-8a3a-03132c18ab81","local_time":"20191208220334","is_ascension_mode":true,"campfire_choices":[{"data":"Pommel Strike","floor":6,"key":"SMITH"},{"data":"Body Slam","floor":13,"key":"SMITH"},{"data":"Reckless Charge","floor":15,"key":"SMITH"}],"neow_cost":"NO_GOLD","seed_source_timestamp":2187937476253583,"circlet_count":0,"master_deck":["Strike_R","Strike_R","Strike_R","Strike_R","Defend_R","Defend_R","Defend_R","Defend_R","Bash","Power Through","Pommel Strike+1","Reckless Charge+1","Body Slam+1","Shrug It Off","Ghostly Armor","Power Through"],"relics":["Burning Blood","FossilizedHelix","Art of War","Omamori","Calling Bell","Bag of Marbles","Frozen Egg 2","Old Coin"],"potions_floor_usage":[5,8,22,23],"damage_taken":[{"damage":0,"enemies":"Cultist","floor":1,"turns":5},{"damage":0,"enemies":"Jaw Worm","floor":2,"turns":2},{"damage":0,"enemies":"2 Louse","floor":3,"turns":3},{"damage":0,"enemies":"2 Fungi Beasts","floor":5,"turns":3},{"damage":2,"enemies":"Large Slime","floor":7,"turns":6},{"damage":0,"enemies":"3 Sentries","floor":8,"turns":5},{"damage":0,"enemies":"Exordium Thugs","floor":11,"turns":5},{"damage":0,"enemies":"Lots of Slimes","floor":14,"turns":4},{"damage":43,"enemies":"Slime Boss","floor":16,"turns":15},{"damage":0,"enemies":"Chosen","floor":18,"turns":4},{"damage":0,"enemies":"2 Thieves","floor":20,"turns":4},{"damage":0,"enemies":"Shelled Parasite and Fungi","floor":22,"turns":4},{"damage":81,"enemies":"Gremlin Leader","floor":23,"turns":7}],"seed_played":"-2364013568846581788","potions_obtained":[{"floor":2,"key":"Strength Potion"},{"floor":3,"key":"ColorlessPotion"},{"floor":7,"key":"AttackPotion"},{"floor":11,"key":"LiquidBronze"},{"floor":14,"key":"Strength Potion"},{"floor":20,"key":"AttackPotion"}],"is_trial":false,"path_per_floor":["M","M","M","$","M","R","M","E","T","?","M","$","R","M","R","B",null,"M","?","M","$","M","E"],"character_chosen":"IRONCLAD","items_purchased":[],"campfire_rested":0,"item_purchase_floors":[],"current_hp_per_floor":[80,80,80,80,80,80,80,80,80,80,80,80,80,80,80,43,80,80,80,80,80,80,0],"gold":552,"neow_bonus":"ONE_RARE_RELIC","is_prod":false,"is_daily":false,"chose_seed":false,"campfire_upgraded":3,"win_rate":0,"timestamp":1575824614,"path_taken":["M","M","M","$","?","R","M","E","T","?","?","$","R","M","R","BOSS","M","?","M","$","M","E"],"build_version":"2019-10-30","purchased_purges":0,"victory":false,"max_hp_per_floor":[80,80,80,80,80,80,80,80,80,80,80,80,80,80,80,80,80,80,80,80,80,80,80],"card_choices":[{"not_picked":["Thunderclap","Dark Embrace"],"picked":"Power Through","floor":1},{"not_picked":["Rampage","Havoc","Pommel Strike"],"picked":"SKIP","floor":2},{"not_picked":["Rampage","Havoc"],"picked":"Pommel Strike","floor":2},{"not_picked":["Iron Wave","Pommel Strike"],"picked":"Reckless Charge","floor":3},{"not_picked":["Body Slam","Armaments","Flex"],"picked":"SKIP","floor":5},{"not_picked":["Ghostly Armor","Body Slam","Anger"],"picked":"SKIP","floor":7},{"not_picked":["Ghostly Armor","Anger"],"picked":"Body Slam","floor":7},{"not_picked":["Thunderclap","Cleave"],"picked":"Shrug It Off","floor":8},{"not_picked":["Anger","Bludgeon","Warcry"],"picked":"SKIP","floor":11},{"not_picked":["Metallicize","Flame Barrier"],"picked":"Power Through","floor":14},{"not_picked":["Havoc+1","Clothesline+1","Pommel Strike"],"picked":"SKIP","floor":18},{"not_picked":["Iron Wave","Blood for Blood","Twin Strike"],"picked":"SKIP","floor":20},{"not_picked":["Pommel Strike","Combust+1","Ghostly Armor"],"picked":"SKIP","floor":22}],"player_experience":121745,"relics_obtained":[{"floor":8,"key":"Art of War"},{"floor":9,"key":"Omamori"},{"floor":17,"key":"Bag of Marbles"},{"floor":17,"key":"Frozen Egg 2"},{"floor":17,"key":"Old Coin"}],"event_choices":[{"damage_healed":0,"gold_gain":0,"cards_transformed":["Strike_R"],"player_choice":"Transformed","damage_taken":0,"max_hp_gain":0,"max_hp_loss":0,"event_name":"Transmorgrifier","floor":10,"gold_loss":0,"cards_obtained":["Ghostly Armor"]},{"damage_healed":0,"gold_gain":0,"player_choice":"Ignored","damage_taken":0,"max_hp_gain":0,"max_hp_loss":0,"event_name":"Ghosts","floor":19,"gold_loss":0}],"is_beta":true,"boss_relics":[{"not_picked":["Cursed Key","Empty Cage"],"picked":"Calling Bell"}],"items_purged_floors":[],"is_endless":false,"potions_floor_spawned":[2,3,7,11,14,20],"killed_by":"Gremlin Leader","ascension_level":4}