{"gold_per_floor":[110,124,124,399,417,417,442,442,442,442,475,495,495,495,495,590,590,602,203,203,213,213,213,243,262,262,280,280,280,280,280,280,280],"floor_reached":33,"playtime":776,"items_purged":["Regret"],"score":385,"play_id":"560d498f-1a3a-455a-a4a7-0f844e399381","local_time":"20191210223306","is_ascension_mode":true,"campfire_choices":[{"data":"Bash","floor":6.0,"key":"SMITH"},{"floor":8.0,"key":"REST"},{"data":"Twin Strike","floor":10.0,"key":"SMITH"},{"data":"Iron Wave","floor":13.0,"key":"SMITH"},{"data":"Twin Strike","floor":15.0,"key":"SMITH"},{"data":"Limit Break","floor":23.0,"key":"SMITH"},{"floor":30,"key":"REST"},{"floor":32,"key":"REST"}],"neow_cost":"NONE","seed_source_timestamp":2362606718078235,"circlet_count":0,"master_deck":["Strike_R","Strike_R","Strike_R","Strike_R","Strike_R","Bash+1","Twin Strike+1","Regret","Twin Strike+1","Iron Wave+1","Limit Break+1","Whirlwind+1","Brutality+1","Carnage+1","Iron Wave","Panacea","Evolve","Thunderclap","Blood for Blood","Decay","Rupture+1","Writhe","Spot Weakness"],"special_seed":0,"relics":["Burning Blood","Vajra","MealTicket","Red Skull","Self Forming Clay","Matryoshka","Astrolabe","Tiny Chest","Dream Catcher","Boot","Molten Egg 2","Happy Flower","Pantograph","Toy Ornithopter"],"potions_floor_usage":[27,27,33],"damage_taken":[{"damage":13.0,"enemies":"Jaw Worm","floor":1.0,"turns":4.0},{"damage":7.0,"enemies":"Small Slimes","floor":2.0,"turns":3.0},{"damage":5.0,"enemies":"Cultist","floor":5.0,"turns":3.0},{"damage":37.0,"enemies":"Lagavulin","floor":7.0,"turns":5.0},{"damage":17.0,"enemies":"3 Sentries","floor":11.0,"turns":6.0},{"damage":8.0,"enemies":"Looter","floor":12.0,"turns":2.0},{"damage":11.0,"enemies":"Slime Boss","floor":16.0,"turns":7.0},{"damage":12.0,"enemies":"Spheric Guardian","floor":18.0,"turns":3.0},{"damage":14.0,"enemies":"Chosen","floor":21.0,"turns":4.0},{"damage":48,"enemies":"Gremlin Leader","floor":24,"turns":5},{"damage":15,"enemies":"3 Cultists","floor":25,"turns":3},{"damage":20,"enemies":"Shelled Parasite and Fungi","floor":27,"turns":2},{"damage":91,"enemies":"Automaton","floor":33,"turns":6}],"seed_played":"-2609760484828355541","potions_obtained":[{"floor":7.0,"key":"Explosive Potion"},{"floor":11.0,"key":"Ancient Potion"},{"floor":12.0,"key":"Regen Potion"},{"floor":21.0,"key":"Swift Potion"},{"floor":27,"key":"Fruit Juice"}],"is_trial":false,"path_per_floor":["M","M","?","?","M","R","E","R","T","R","E","M","R","?","R","B",null,"M","$","?","M","?","R","E","M","T","M","T","?","R","?","R","B"],"character_chosen":"IRONCLAD","items_purchased":["Panacea","Evolve","Tiny Chest"],"campfire_rested":3,"item_purchase_floors":[19,19,19],"current_hp_per_floor":[73,72,72,72,73,73,42,66,66,66,55,53,53,53,53,48,80,74,80,80,72,72,72,30,21,21,17,17,17,42,42,67,0],"gold":280,"neow_bonus":"RANDOM_COMMON_RELIC","is_prod":false,"is_daily":false,"chose_seed":false,"campfire_upgraded":5,"win_rate":0,"timestamp":1575999186,"path_taken":["M","M","?","?","?","R","E","R","T","R","E","M","R","?","R","BOSS","M","$","?","M","?","R","E","?","T","M","?","?","R","?","R","BOSS"],"build_version":"2019-10-30","purchased_purges":1,"victory":false,"max_hp_per_floor":[80,80,80,80,80,80,80,80,80,80,80,80,80,80,80,80,80,80,80,80,80,80,80,80,80,80,85,85,85,85,85,85,85],"card_choices":[{"not_picked":["Warcry","Perfected Strike"],"picked":"Twin Strike","floor":1.0},{"not_picked":["Warcry","Rage","True Grit"],"picked":"SKIP","floor":2.0},{"not_picked":["True Grit","Anger"],"picked":"Twin Strike","floor":5.0},{"not_picked":["Dual Wield","Sword Boomerang","Blood for Blood"],"picked":"SKIP","floor":7.0},{"not_picked":["Disarm","Pummel"],"picked":"Iron Wave","floor":11.0},{"not_picked":["Sentinel","Fiend Fire","Shrug It Off"],"picked":"SKIP","floor":12.0},{"not_picked":["Demon Form","Corruption"],"picked":"Limit Break","floor":16.0},{"not_picked":["Bloodletting","Thunderclap+1"],"picked":"Iron Wave","floor":18.0},{"not_picked":["Bloodletting","Dual Wield"],"picked":"Thunderclap","floor":21.0},{"not_picked":["Twin Strike","Reckless Charge","Fiend Fire"],"picked":"SKIP","floor":24},{"not_picked":["Body Slam","Shrug It Off","Sever Soul"],"picked":"SKIP","floor":25},{"not_picked":["Sever Soul+1","Sword Boomerang+1","Thunderclap+1"],"picked":"SKIP","floor":27},{"not_picked":["Anger+1","Evolve"],"picked":"Rupture+1","floor":30},{"not_picked":["True Grit","Havoc"],"picked":"Spot Weakness","floor":32}],"player_experience":126369,"relics_obtained":[{"floor":7.0,"key":"Red Skull"},{"floor":9.0,"key":"Self Forming Clay"},{"floor":11.0,"key":"Matryoshka"},{"floor":24,"key":"Dream Catcher"},{"floor":26,"key":"Boot"},{"floor":26,"key":"Molten Egg 2"},{"floor":28,"key":"Happy Flower"},{"floor":28,"key":"Pantograph"}],"event_choices":[{"damage_healed":0.0,"max_hp_gain":0.0,"max_hp_loss":0.0,"gold_gain":0.0,"event_name":"Big Fish","player_choice":"Box","floor":3.0,"gold_loss":0.0,"damage_taken":0.0,"relics_obtained":["MealTicket"],"cards_obtained":["Regret"]},{"damage_healed":0.0,"max_hp_gain":0.0,"max_hp_loss":0.0,"gold_gain":275.0,"event_name":"Golden Shrine","player_choice":"Desecrate","floor":4.0,"gold_loss":0.0,"damage_taken":0.0,"cards_obtained":["Regret"]},{"damage_healed":0.0,"max_hp_gain":0.0,"max_hp_loss":0.0,"gold_gain":0.0,"event_name":"Scrap Ooze","player_choice":"Fled","floor":14.0,"gold_loss":0.0,"damage_taken":0.0},{"damage_healed":0.0,"max_hp_gain":0.0,"max_hp_loss":0.0,"gold_gain":0.0,"event_name":"Ghosts","player_choice":"Ignored","floor":20.0,"gold_loss":0.0,"damage_taken":0.0},{"damage_healed":0.0,"max_hp_gain":0.0,"max_hp_loss":0.0,"gold_gain":0.0,"cards_transformed":["Defend_R"],"event_name":"Transmorgrifier","player_choice":"Transformed","floor":22.0,"gold_loss":0.0,"damage_taken":0.0,"cards_obtained":["Blood for Blood"]},{"damage_healed":0,"gold_gain":0,"player_choice":"Smashed Altar","damage_taken":0,"max_hp_gain":0,"max_hp_loss":0,"event_name":"Forgotten Altar","floor":29,"gold_loss":0,"cards_obtained":["Decay"]},{"damage_healed":0,"gold_gain":0,"player_choice":"Opened","damage_taken":0,"relics_obtained":["Toy Ornithopter"],"max_hp_gain":0,"max_hp_loss":0,"event_name":"The Mausoleum","floor":31,"gold_loss":0,"cards_obtained":["Writhe"]}],"is_beta":true,"boss_relics":[{"not_picked":["Ectoplasm","Sozu"],"picked":"Astrolabe"}],"items_purged_floors":[19],"is_endless":false,"potions_floor_spawned":[7,11,12,21,27],"killed_by":"Automaton","ascension_level":4}