{"gold_per_floor":[112,124,142,92,103,103,117,117,117,117,132,144,178,190,190,289,289,304,322,333,345,361,361,361,361,361,286,286],"floor_reached":28,"playtime":1116,"items_purged":[],"score":283,"play_id":"7d6d6802-5320-4df1-9d55-09ffd84bd734","local_time":"20191216011105","is_ascension_mode":true,"campfire_choices":[{"data":"Entrench","floor":6.0,"key":"SMITH"},{"data":"Heavy Blade","floor":15.0,"key":"SMITH"},{"floor":23,"key":"REST"}],"neow_cost":"NONE","seed_source_timestamp":2803827784500611,"circlet_count":0,"master_deck":["Strike_R","Strike_R","Defend_R","Defend_R","Exhume","Entrench+1","Shrug It Off","Power Through","Spot Weakness","Bludgeon","Heavy Blade+1","Headbutt","Seeing Red","Demon Form","Double Tap+1","Rupture+1","Searing Blow+1","Rupture","Body Slam","True Grit+1","Flex","Inflame","Writhe"],"special_seed":0,"relics":["Burning Blood","Letter Opener","Bottled Flame","Astrolabe","Blue Candle","Toy Ornithopter"],"potions_floor_usage":[22,22,22],"damage_taken":[{"damage":5.0,"enemies":"Small Slimes","floor":1.0,"turns":5.0},{"damage":10.0,"enemies":"2 Louse","floor":2.0,"turns":5.0},{"damage":11.0,"enemies":"Cultist","floor":3.0,"turns":4.0},{"damage":4.0,"enemies":"2 Fungi Beasts","floor":5.0,"turns":3.0},{"damage":7.0,"enemies":"Looter","floor":7.0,"turns":5.0},{"damage":0.0,"enemies":"3 Louse","floor":11.0,"turns":3.0},{"damage":0.0,"enemies":"Lots of Slimes","floor":12.0,"turns":3.0},{"damage":41.0,"enemies":"Lagavulin","floor":13.0,"turns":7.0},{"damage":6.0,"enemies":"Exordium Wildlife","floor":14.0,"turns":3.0},{"damage":34.0,"enemies":"Slime Boss","floor":16.0,"turns":13.0},{"damage":17.0,"enemies":"Chosen","floor":18.0,"turns":6.0},{"damage":14.0,"enemies":"Spheric Guardian","floor":19.0,"turns":4.0},{"damage":48.0,"enemies":"Shelled Parasite and Fungi","floor":20.0,"turns":7.0},{"damage":20.0,"enemies":"Snecko","floor":21.0,"turns":5.0},{"damage":11,"enemies":"Sentry and Sphere","floor":22,"turns":4},{"damage":37,"enemies":"Centurion and Healer","floor":28,"turns":7}],"seed_played":"6276992434776172637","potions_obtained":[{"floor":1.0,"key":"AttackPotion"},{"floor":2.0,"key":"SteroidPotion"},{"floor":11.0,"key":"FairyPotion"},{"floor":14.0,"key":"PowerPotion"},{"floor":18.0,"key":"CultistPotion"},{"floor":19.0,"key":"Explosive Potion"},{"floor":20.0,"key":"SteroidPotion"}],"is_trial":false,"path_per_floor":["M","M","M","?","M","R","M","?","T","?","M","M","E","M","R","B",null,"M","M","M","M","M","R","?","?","T","?","M"],"character_chosen":"IRONCLAD","items_purchased":[],"campfire_rested":1,"item_purchase_floors":[],"current_hp_per_floor":[80,76,71,71,73,73,72,72,72,72,78,80,45,45,45,17,64,53,45,30,16,11,35,35,35,35,35,0],"gold":286,"neow_bonus":"ONE_RANDOM_RARE_CARD","is_prod":false,"is_daily":false,"chose_seed":false,"campfire_upgraded":2,"win_rate":0,"timestamp":1576440665,"path_taken":["M","M","M","?","M","R","M","?","T","?","M","?","E","M","R","BOSS","M","M","M","M","M","R","?","?","T","?","M"],"build_version":"2019-10-30","purchased_purges":0,"victory":false,"max_hp_per_floor":[80,80,80,80,80,80,80,80,80,80,80,80,80,80,80,80,80,80,80,80,80,80,80,80,80,80,80,80],"card_choices":[{"not_picked":["Carnage","Dark Embrace"],"picked":"Entrench","floor":1.0},{"not_picked":["Wild Strike","Perfected Strike","Clash"],"picked":"SKIP","floor":2.0},{"not_picked":["Clash","Carnage"],"picked":"Shrug It Off","floor":3.0},{"not_picked":["Dropkick","Armaments"],"picked":"Power Through","floor":5.0},{"not_picked":["Flex","Rampage","Dark Embrace"],"picked":"SKIP","floor":7.0},{"not_picked":["Sentinel","Thunderclap"],"picked":"Heavy Blade","floor":11.0},{"not_picked":["Dark Embrace","Heavy Blade"],"picked":"Headbutt","floor":12.0},{"not_picked":["Thunderclap","Brutality","Clothesline"],"picked":"SKIP","floor":13.0},{"not_picked":["Rampage","Carnage"],"picked":"Seeing Red","floor":14.0},{"not_picked":["Reaper","Feed"],"picked":"Demon Form","floor":16.0},{"not_picked":["Shockwave+1","Cleave"],"picked":"Rupture","floor":18.0},{"not_picked":["Intimidate","Iron Wave"],"picked":"Body Slam","floor":19.0},{"not_picked":["Wild Strike","Iron Wave"],"picked":"True Grit+1","floor":20.0},{"not_picked":["Sword Boomerang","Pommel Strike"],"picked":"Flex","floor":21.0},{"not_picked":["Clothesline","Sever Soul"],"picked":"Inflame","floor":22}],"player_experience":143344,"relics_obtained":[{"floor":9.0,"key":"Letter Opener"},{"floor":13.0,"key":"Bottled Flame"},{"floor":26,"key":"Toy Ornithopter"}],"event_choices":[{"cards_removed":["Strike_R"],"damage_healed":0.0,"max_hp_gain":0.0,"max_hp_loss":0.0,"gold_gain":0.0,"event_name":"The Cleric","player_choice":"Card Removal","floor":4.0,"gold_loss":50.0,"damage_taken":0.0},{"damage_healed":0.0,"max_hp_gain":0.0,"max_hp_loss":0.0,"gold_gain":0.0,"cards_transformed":["Defend_R"],"event_name":"Living Wall","player_choice":"Change","floor":8.0,"gold_loss":0.0,"damage_taken":0.0,"cards_obtained":["Spot Weakness"]},{"damage_healed":0.0,"max_hp_gain":0.0,"max_hp_loss":0.0,"gold_gain":0.0,"cards_transformed":["Strike_R"],"event_name":"Transmorgrifier","player_choice":"Transformed","floor":10.0,"gold_loss":0.0,"damage_taken":0.0,"cards_obtained":["Bludgeon"]},{"damage_healed":0,"gold_gain":0,"player_choice":"Opened","damage_taken":0,"relics_obtained":["Blue Candle"],"max_hp_gain":0,"max_hp_loss":0,"event_name":"The Mausoleum","floor":24,"gold_loss":0,"cards_obtained":["Writhe"]},{"damage_healed":0,"gold_gain":0,"player_choice":"Smashed Altar","damage_taken":0,"max_hp_gain":0,"max_hp_loss":0,"event_name":"Forgotten Altar","floor":25,"gold_loss":0,"cards_obtained":["Decay"]},{"cards_removed":["Decay"],"damage_healed":0,"gold_gain":0,"player_choice":"Gave Gold","damage_taken":0,"max_hp_gain":0,"max_hp_loss":0,"event_name":"Beggar","floor":27,"gold_loss":75}],"is_beta":true,"boss_relics":[{"not_picked":["Philosopher\u0027s Stone","Fusion Hammer"],"picked":"Astrolabe"}],"items_purged_floors":[],"is_endless":false,"potions_floor_spawned":[1,2,11,14,18,19,20],"killed_by":"Centurion and Healer","ascension_level":5}