{"gold_per_floor":[109,109,124,141,151,170,170,160,160,160,178,190,190,190,190,286,286,299,299,318,337,337],"floor_reached":22,"playtime":686,"items_purged":[],"score":228,"play_id":"2db165ea-0993-41e6-af70-f591ed679212","local_time":"20191214164722","is_ascension_mode":true,"campfire_choices":[{"data":"Entrench","floor":7,"key":"SMITH"},{"data":"Body Slam","floor":13,"key":"SMITH"},{"data":"Twin Strike","floor":15,"key":"SMITH"}],"neow_cost":"NONE","seed_source_timestamp":2687642150860616,"circlet_count":0,"master_deck":["Strike_R","Strike_R+1","Strike_R","Defend_R","Defend_R","Defend_R","Defend_R","Bash","Sword Boomerang","Entrench+1","Iron Wave+1","Twin Strike+1","Iron Wave","Body Slam+1","Spot Weakness","Demon Form","Entrench+1","Entrench"],"special_seed":0,"relics":["Burning Blood","Lantern","Ginger","SacredBark"],"potions_floor_usage":[11,16,16,22,22],"damage_taken":[{"damage":2,"enemies":"Jaw Worm","floor":1,"turns":3},{"damage":0,"enemies":"Cultist","floor":3,"turns":2},{"damage":0,"enemies":"2 Louse","floor":4,"turns":3},{"damage":5,"enemies":"2 Fungi Beasts","floor":5,"turns":5},{"damage":12,"enemies":"Large Slime","floor":6,"turns":6},{"damage":19,"enemies":"Exordium Thugs","floor":8,"turns":4},{"damage":0,"enemies":"Blue Slaver","floor":11,"turns":2},{"damage":5,"enemies":"Gremlin Gang","floor":12,"turns":4},{"damage":5,"enemies":"Slime Boss","floor":16,"turns":7},{"damage":22,"enemies":"Shell Parasite","floor":18,"turns":5},{"damage":44,"enemies":"Spheric Guardian","floor":20,"turns":6},{"damage":18,"enemies":"Snecko","floor":21,"turns":3},{"damage":8,"enemies":"Cultist and Chosen","floor":22,"turns":4}],"seed_played":"-3137617448900751893","potions_obtained":[{"floor":5,"key":"PowerPotion"},{"floor":8,"key":"Fire Potion"},{"floor":12,"key":"PowerPotion"},{"floor":16,"key":"PowerPotion"},{"floor":18,"key":"GamblersBrew"}],"is_trial":false,"path_per_floor":["M","?","M","M","M","M","R","M","T","?","M","M","R","?","R","B",null,"M","?","M","M","M"],"character_chosen":"IRONCLAD","items_purchased":[],"campfire_rested":0,"item_purchase_floors":[],"current_hp_per_floor":[80,80,80,80,80,74,74,61,61,45,51,52,52,52,52,53,73,57,57,19,7,0],"gold":337,"neow_bonus":"RANDOM_COMMON_RELIC","is_prod":false,"is_daily":false,"chose_seed":false,"campfire_upgraded":3,"win_rate":0,"timestamp":1576324042,"path_taken":["M","?","M","?","?","M","R","M","T","?","M","M","R","?","R","BOSS","M","?","?","M","M"],"build_version":"2019-10-30","purchased_purges":0,"victory":false,"max_hp_per_floor":[80,80,80,80,80,80,80,80,80,80,80,80,80,80,80,80,80,80,80,80,80,80],"card_choices":[{"not_picked":["Wild Strike","Hemokinesis"],"picked":"Sword Boomerang","floor":1},{"not_picked":["Havoc","Rupture"],"picked":"Iron Wave","floor":3},{"not_picked":["Clash","True Grit","Combust"],"picked":"SKIP","floor":4},{"not_picked":["Cleave","Dropkick","Pummel"],"picked":"SKIP","floor":5},{"not_picked":["Sword Boomerang","Clash"],"picked":"Twin Strike","floor":6},{"not_picked":["Berserk","Cleave"],"picked":"Iron Wave","floor":8},{"not_picked":["Perfected Strike","Shrug It Off"],"picked":"Body Slam","floor":11},{"not_picked":["Reckless Charge","Shockwave"],"picked":"Spot Weakness","floor":12},{"not_picked":["Reaper","Feed"],"picked":"Demon Form","floor":16},{"not_picked":["Thunderclap","Anger+1"],"picked":"Entrench+1","floor":18},{"not_picked":["Sword Boomerang","Fiend Fire"],"picked":"Entrench","floor":20},{"not_picked":["Spot Weakness","True Grit","Perfected Strike"],"picked":"SKIP","floor":21}],"player_experience":140762,"relics_obtained":[{"floor":9,"key":"Ginger"}],"event_choices":[{"damage_healed":0,"gold_gain":0,"cards_transformed":["Strike_R"],"player_choice":"Transformed","damage_taken":0,"max_hp_gain":0,"max_hp_loss":0,"event_name":"Transmorgrifier","floor":2,"gold_loss":0,"cards_obtained":["Entrench"]},{"damage_healed":0,"gold_gain":0,"player_choice":"Entered Light","damage_taken":16,"max_hp_gain":0,"max_hp_loss":0,"event_name":"Shining Light","floor":10,"gold_loss":0,"cards_upgraded":["Strike_R","Iron Wave"]},{"damage_healed":0,"gold_gain":0,"player_choice":"Ignored","damage_taken":0,"max_hp_gain":0,"max_hp_loss":0,"event_name":"Golden Idol","floor":14,"gold_loss":0},{"cards_removed":["Strike_R"],"damage_healed":0,"gold_gain":0,"player_choice":"Purged","damage_taken":0,"max_hp_gain":0,"max_hp_loss":0,"event_name":"Purifier","floor":19,"gold_loss":0}],"is_beta":true,"boss_relics":[{"not_picked":["Philosopher\u0027s Stone","Cursed Key"],"picked":"SacredBark"}],"items_purged_floors":[],"is_endless":false,"potions_floor_spawned":[5,8,12,16,18],"killed_by":"Cultist and Chosen","ascension_level":5}