{"gold_per_floor":[110,110,130,305,152,152,227,227,227,327,338,308],"floor_reached":12,"playtime":237,"items_purged":["Decay"],"score":92,"play_id":"11e16241-7ba5-44c3-8eae-b4a374fea3cf","local_time":"20191231172928","is_ascension_mode":true,"campfire_choices":[{"data":"Evolve","floor":6,"key":"SMITH"},{"data":"Shrug It Off","floor":8,"key":"SMITH"}],"neow_cost":"CURSE","seed_source_timestamp":1113972058159555,"circlet_count":0,"master_deck":["Strike_R","Strike_R","Strike_R","Strike_R","Strike_R","Defend_R","Defend_R","Defend_R","Defend_R","Bash","Battle Trance+1","Shrug It Off+1","Doubt","Evolve+1","Metallicize"],"relics":["Burning Blood","StoneCalendar","Eternal Feather"],"potions_floor_usage":[],"damage_taken":[{"damage":12,"enemies":"Jaw Worm","floor":1,"turns":5},{"damage":3,"enemies":"Cultist","floor":3,"turns":3},{"damage":0,"enemies":"Small Slimes","floor":11,"turns":5}],"seed_played":"6269781857645875907","potions_obtained":[{"floor":11,"key":"BlessingOfTheForge"}],"is_trial":false,"path_per_floor":["M","?","M","?","$","R","?","R","T","?","M","M"],"character_chosen":"IRONCLAD","items_purchased":["Evolve"],"campfire_rested":0,"item_purchase_floors":[5],"current_hp_per_floor":[66,66,69,69,69,69,58,58,58,58,64,61],"gold":308,"neow_bonus":"ONE_RARE_RELIC","is_prod":false,"is_daily":false,"chose_seed":false,"campfire_upgraded":2,"win_rate":0,"timestamp":1577795368,"path_taken":["M","?","?","?","$","R","?","R","T","?","M","M"],"build_version":"2019-10-30","purchased_purges":1,"victory":false,"max_hp_per_floor":[80,80,80,80,80,80,80,80,80,80,80,80],"card_choices":[{"not_picked":["Warcry","Pommel Strike"],"picked":"Battle Trance","floor":1},{"not_picked":["Headbutt","Hemokinesis"],"picked":"Shrug It Off","floor":3},{"not_picked":["Iron Wave","Feel No Pain"],"picked":"Metallicize","floor":11}],"player_experience":192406,"relics_obtained":[{"floor":9,"key":"Eternal Feather"}],"event_choices":[{"damage_healed":0,"gold_gain":0,"player_choice":"Upgraded","damage_taken":0,"max_hp_gain":0,"max_hp_loss":0,"event_name":"Upgrade Shrine","floor":2,"gold_loss":0,"cards_upgraded":["Battle Trance"]},{"damage_healed":0,"gold_gain":175,"player_choice":"AGREE","damage_taken":0,"max_hp_gain":0,"max_hp_loss":0,"event_name":"Liars Game","floor":4,"gold_loss":0,"cards_obtained":["Doubt"]},{"damage_healed":0,"gold_gain":75,"player_choice":"Gather Gold","damage_taken":11,"max_hp_gain":0,"max_hp_loss":0,"event_name":"World of Goop","floor":7,"gold_loss":0},{"damage_healed":0,"gold_gain":100,"player_choice":"Pray","damage_taken":0,"max_hp_gain":0,"max_hp_loss":0,"event_name":"Golden Shrine","floor":10,"gold_loss":0}],"is_beta":true,"boss_relics":[],"items_purged_floors":[5],"is_endless":false,"potions_floor_spawned":[11],"killed_by":"Looter","ascension_level":8}