{"gold_per_floor":[111,111,127,139,139,139,158,158,211,211,238,248,268,302,302,302],"floor_reached":16,"playtime":609,"items_purged":[],"score":168,"play_id":"fe2b2768-e241-47f1-8f2c-89f8f249da1a","local_time":"20200209195228","is_ascension_mode":true,"campfire_choices":[{"data":"Pommel Strike","floor":6,"key":"SMITH"},{"data":"Flame Barrier","floor":8,"key":"SMITH"},{"data":"Intimidate","floor":10,"key":"SMITH"},{"data":"Uppercut","floor":15,"key":"SMITH"}],"neow_cost":"NONE","seed_source_timestamp":22657669395900,"circlet_count":0,"master_deck":["AscendersBane","Strike_R","Strike_R","Strike_R","Strike_R","Defend_R","Defend_R","Defend_R","Defend_R","Bash","Flame Barrier+1","Intimidate+1","Pommel Strike+1","Dark Embrace","Corruption","Uppercut+1"],"relics":["Burning Blood","Lantern","Toxic Egg 2","The Courier"],"potions_floor_usage":[16,16],"damage_taken":[{"damage":0,"enemies":"2 Louse","floor":1,"turns":3},{"damage":5,"enemies":"Cultist","floor":3,"turns":5},{"damage":1,"enemies":"Small Slimes","floor":4,"turns":4},{"damage":5,"enemies":"Blue Slaver","floor":7,"turns":5},{"damage":27,"enemies":"Gremlin Nob","floor":11,"turns":5},{"damage":3,"enemies":"3 Louse","floor":12,"turns":5},{"damage":4,"enemies":"Large Slime","floor":13,"turns":9},{"damage":30,"enemies":"3 Sentries","floor":14,"turns":10},{"damage":25,"enemies":"Slime Boss","floor":16,"turns":9}],"seed_played":"2420647991009101143","potions_obtained":[{"floor":1,"key":"SmokeBomb"},{"floor":4,"key":"DuplicationPotion"},{"floor":11,"key":"DistilledChaos"}],"is_trial":false,"path_per_floor":["M","?","M","M","?","R","M","R","T","R","E","M","M","E","R","B"],"character_chosen":"IRONCLAD","items_purchased":[],"campfire_rested":0,"item_purchase_floors":[],"current_hp_per_floor":[78,78,79,80,73,73,74,74,74,74,53,56,58,34,34,9],"gold":302,"neow_bonus":"THREE_CARDS","is_prod":false,"is_daily":false,"chose_seed":false,"campfire_upgraded":4,"win_rate":0,"timestamp":1581259948,"path_taken":["M","?","M","?","?","R","M","R","T","R","E","M","M","E","R","BOSS"],"build_version":"2020-01-14","purchased_purges":0,"victory":false,"max_hp_per_floor":[80,80,80,80,80,80,80,80,80,80,80,80,80,80,80,80],"card_choices":[{"not_picked":["Iron Wave","Blood for Blood"],"picked":"True Grit","floor":0},{"not_picked":["Clothesline","Warcry"],"picked":"Flame Barrier","floor":1},{"not_picked":["Blood for Blood","Sentinel"],"picked":"Intimidate","floor":3},{"not_picked":["Anger","Searing Blow"],"picked":"Pommel Strike","floor":4},{"not_picked":["Flame Barrier","Clothesline","Sever Soul"],"picked":"SKIP","floor":7},{"not_picked":["Havoc+1","Iron Wave"],"picked":"Dark Embrace","floor":11},{"not_picked":["Blood for Blood","Anger","Hemokinesis"],"picked":"SKIP","floor":12},{"not_picked":["Pommel Strike","Twin Strike"],"picked":"Corruption","floor":13},{"not_picked":["Pommel Strike","Shockwave+1"],"picked":"Uppercut","floor":14}],"player_experience":264890,"relics_obtained":[{"floor":11,"key":"Toxic Egg 2"},{"floor":14,"key":"The Courier"}],"event_choices":[{"cards_removed":["True Grit"],"damage_healed":0,"gold_gain":0,"player_choice":"Gave Card","damage_taken":0,"relics_obtained":["Lantern"],"max_hp_gain":0,"max_hp_loss":0,"event_name":"WeMeetAgain","floor":2,"gold_loss":0},{"cards_removed":["Strike_R"],"damage_healed":0,"gold_gain":0,"player_choice":"Card Removal","damage_taken":7,"max_hp_gain":0,"max_hp_loss":0,"event_name":"Golden Wing","floor":5,"gold_loss":0}],"is_beta":false,"boss_relics":[],"items_purged_floors":[],"is_endless":false,"potions_floor_spawned":[1,4,11,13],"killed_by":"Slime Boss","ascension_level":10}