{"gold_per_floor":[114,114,126,138,168,213,225,237],"floor_reached":8,"playtime":319,"items_purged":[],"score":81,"play_id":"b83122e8-9083-4bca-9451-2f1c88dcd74d","local_time":"20200208204752","is_ascension_mode":true,"campfire_choices":[{"floor":7,"key":"REST"}],"neow_cost":"NONE","seed_source_timestamp":22510155272000,"circlet_count":0,"master_deck":["AscendersBane","Strike_R","Strike_R","Strike_R","Strike_R","Defend_R","Defend_R","Defend_R","Defend_R","Bash","Dark Shackles","Wild Strike","Ghostly Armor"],"special_seed":0,"relics":["Burning Blood","MawBank","Tiny Chest","Ancient Tea Set"],"potions_floor_usage":[6],"damage_taken":[{"damage":4.0,"enemies":"Cultist","floor":1.0,"turns":5.0},{"damage":7.0,"enemies":"Jaw Worm","floor":5.0,"turns":5.0},{"damage":50,"enemies":"3 Sentries","floor":6,"turns":13},{"damage":46,"enemies":"Lagavulin","floor":8,"turns":8}],"seed_played":"1252542650160652318","potions_obtained":[{"floor":1.0,"key":"Weak Potion"}],"is_trial":false,"path_per_floor":["M","?","T","?","M","E","R","E"],"character_chosen":"IRONCLAD","items_purchased":[],"campfire_rested":1,"item_purchase_floors":[],"current_hp_per_floor":[74,62,62,62,61,17,41,0],"gold":237,"neow_bonus":"RANDOM_COLORLESS","is_prod":false,"is_daily":false,"chose_seed":false,"campfire_upgraded":0,"win_rate":0,"timestamp":1581176872,"path_taken":["M","?","?","?","?","E","R","E"],"build_version":"2020-01-14","purchased_purges":0,"victory":false,"max_hp_per_floor":[80,80,80,80,80,80,80,80],"card_choices":[{"not_picked":["Impatience","Jack Of All Trades"],"picked":"Dark Shackles","floor":0.0},{"not_picked":["Sword Boomerang","Cleave"],"picked":"Wild Strike","floor":1.0},{"not_picked":["Carnage","Cleave","Havoc"],"picked":"SKIP","floor":5.0},{"not_picked":["Carnage","Cleave","Havoc"],"picked":"SKIP","floor":5.0},{"not_picked":["Rage","Body Slam"],"picked":"Ghostly Armor","floor":6}],"player_experience":263240,"relics_obtained":[{"floor":3.0,"key":"Tiny Chest"},{"floor":6,"key":"Ancient Tea Set"}],"event_choices":[{"damage_healed":0.0,"max_hp_gain":0.0,"max_hp_loss":0.0,"gold_gain":0.0,"event_name":"Scrap Ooze","player_choice":"Success","floor":2.0,"gold_loss":0.0,"damage_taken":12.0,"relics_obtained":["MawBank"]},{"cards_removed":["Strike_R"],"damage_healed":0.0,"max_hp_gain":0.0,"max_hp_loss":0.0,"gold_gain":0.0,"event_name":"Purifier","player_choice":"Purged","floor":4.0,"gold_loss":0.0,"damage_taken":0.0}],"is_beta":false,"boss_relics":[],"items_purged_floors":[],"is_endless":false,"potions_floor_spawned":[1],"killed_by":"Lagavulin","ascension_level":10}